{"maker_order_id":"ca92f879-be53-48f4-8a2b-93568143c67a","price":"104491.72","product_id":"BTC-USD","sequence":107417372148,"side":"buy","size":"0.00000067","taker_order_id":"ebd6472e-0336-41ff-8fd7-649b3daadc8a","time":"2025-06-20T05:39:29.819549Z","trade_id":839699252,"type":"match"}
{"maker_order_id":"5fa86982-1c22-4405-a889-1ddb0a0311c5","price":"104491.73","product_id":"BTC-USD","sequence":107417372217,"side":"sell","size":"0.00004737","taker_order_id":"d18e2a9d-5e8b-49b2-a17a-1b622584d055","time":"2025-06-20T05:39:30.004558Z","trade_id":839699253,"type":"match"}
{"maker_order_id":"5fb54d08-72cd-49b4-aa84-9ee51550095e","price":"104491.72","product_id":"BTC-USD","sequence":107417372272,"side":"buy","size":"0.0047362","taker_order_id":"6d8294fe-30a1-41d4-a612-8f76711026de","time":"2025-06-20T05:39:30.470676Z","trade_id":839699254,"type":"match"}
{"maker_order_id":"20bdf730-e8af-45ee-b485-1fb3531ac8cf","price":"104497","product_id":"BTC-USD","sequence":107417372540,"side":"buy","size":"0.00000067","taker_order_id":"92600cc6-e525-48f4-9aa4-cb3b0065772f","time":"2025-06-20T05:39:30.703501Z","trade_id":839699255,"type":"match"}
{"maker_order_id":"175e189d-69fd-4b12-8a51-3fbef08fe6ee","price":"104497.01","product_id":"BTC-USD","sequence":107417372621,"side":"sell","size":"0.00004775","taker_order_id":"dfaa1737-9755-4f06-9735-f3679bd108bd","time":"2025-06-20T05:39:30.798061Z","trade_id":839699256,"type":"match"}
{"maker_order_id":"9e83d13d-ab0d-4a5f-911c-958d719da698","price":"104497.01","product_id":"BTC-USD","sequence":107417372623,"side":"sell","size":"0.00017499","taker_order_id":"dfaa1737-9755-4f06-9735-f3679bd108bd","time":"2025-06-20T05:39:30.798061Z","trade_id":839699257,"type":"match"}
{"maker_order_id":"0b7c80ba-ac86-4cb7-bc7b-b470d541480b","price":"104498.06","product_id":"BTC-USD","sequence":107417372757,"side":"sell","size":"0.00019413","taker_order_id":"3df6a7df-fe07-4b3b-a728-4f4d52cec938","time":"2025-06-20T05:39:30.913460Z","trade_id":839699258,"type":"match"}
{"maker_order_id":"35ed94dc-2799-425b-b31d-772d46e06b19","price":"104498.07","product_id":"BTC-USD","sequence":107417372759,"side":"sell","size":"0.00008029","taker_order_id":"3df6a7df-fe07-4b3b-a728-4f4d52cec938","time":"2025-06-20T05:39:30.913460Z","trade_id":839699259,"type":"match"}
{"maker_order_id":"e2d2b9dd-22ef-44ec-a801-7f8afc9dcd0f","price":"104493.73","product_id":"BTC-USD","sequence":107417372938,"side":"buy","size":"0.00000067","taker_order_id":"ed10617a-73ff-4c56-9b78-8d8f75433c74","time":"2025-06-20T05:39:31.655329Z","trade_id":839699260,"type":"match"}
{"maker_order_id":"b732645a-88e3-40de-b186-6e5891c9cb38","price":"104493.77","product_id":"BTC-USD","sequence":107417373064,"side":"sell","size":"0.00016106","taker_order_id":"8aa772a4-5f09-42f4-821d-3d3b1c906bd1","time":"2025-06-20T05:39:31.826889Z","trade_id":839699261,"type":"match"}
{"maker_order_id":"0839f358-67d8-4c9f-b980-1dab4e907177","price":"104493.76","product_id":"BTC-USD","sequence":107417373301,"side":"buy","size":"0.00095342","taker_order_id":"b3dff4f5-e21d-45a1-a87d-9bfc7e043266","time":"2025-06-20T05:39:32.320388Z","trade_id":839699262,"type":"match"}
{"maker_order_id":"7308cf9f-22f6-4621-8a1e-89d05bc9ccf3","price":"104493.76","product_id":"BTC-USD","sequence":107417373303,"side":"buy","size":"0.01","taker_order_id":"b3dff4f5-e21d-45a1-a87d-9bfc7e043266","time":"2025-06-20T05:39:32.320388Z","trade_id":839699263,"type":"match"}
{"maker_order_id":"23712bac-6669-4fce-b649-6e6b34772302","price":"104493.76","product_id":"BTC-USD","sequence":107417373305,"side":"buy","size":"0.00191374","taker_order_id":"b3dff4f5-e21d-45a1-a87d-9bfc7e043266","time":"2025-06-20T05:39:32.320388Z","trade_id":839699264,"type":"match"}
{"maker_order_id":"753f1e7c-3f58-4638-a0c8-6cedcee0c49c","price":"104493.74","product_id":"BTC-USD","sequence":107417373307,"side":"buy","size":"0.0018204","taker_order_id":"b3dff4f5-e21d-45a1-a87d-9bfc7e043266","time":"2025-06-20T05:39:32.320388Z","trade_id":839699265,"type":"match"}
{"maker_order_id":"753f1e7c-3f58-4638-a0c8-6cedcee0c49c","price":"104493.74","product_id":"BTC-USD","sequence":107417373312,"side":"buy","size":"0.02604384","taker_order_id":"8bce7adf-73dc-41a1-b98b-cf1a0f550d72","time":"2025-06-20T05:39:32.321858Z","trade_id":839699266,"type":"match"}
{"maker_order_id":"753f1e7c-3f58-4638-a0c8-6cedcee0c49c","price":"104493.74","product_id":"BTC-USD","sequence":107417373315,"side":"buy","size":"0.02878699","taker_order_id":"68a6c60a-abf8-47f9-97f5-8b160815da92","time":"2025-06-20T05:39:32.321989Z","trade_id":839699267,"type":"match"}
{"maker_order_id":"753f1e7c-3f58-4638-a0c8-6cedcee0c49c","price":"104493.74","product_id":"BTC-USD","sequence":107417373361,"side":"buy","size":"0.13474109","taker_order_id":"36280500-f1ff-4625-b023-7c42a00fc5a8","time":"2025-06-20T05:39:32.326847Z","trade_id":839699268,"type":"match"}
{"maker_order_id":"d800a5eb-bd46-4479-968b-ccb208c2d2ca","price":"104493.72","product_id":"BTC-USD","sequence":107417373363,"side":"buy","size":"0.01159012","taker_order_id":"36280500-f1ff-4625-b023-7c42a00fc5a8","time":"2025-06-20T05:39:32.326847Z","trade_id":839699269,"type":"match"}
{"maker_order_id":"427cb214-a3c0-4ff3-a742-6c46147b31dd","price":"104491.71","product_id":"BTC-USD","sequence":107417373407,"side":"buy","size":"0.00000047","taker_order_id":"4f693512-4c5a-49c7-afcd-d6c4d67d5c02","time":"2025-06-20T05:39:32.330405Z","trade_id":839699270,"type":"match"}
{"maker_order_id":"4ff3c898-66a3-4db5-b7c2-216f90203334","price":"104491.52","product_id":"BTC-USD","sequence":107417373814,"side":"buy","size":"0.00000067","taker_order_id":"fc4ad15c-ab06-4402-9114-f8b18aa98670","time":"2025-06-20T05:39:32.446061Z","trade_id":839699271,"type":"match"}
{"maker_order_id":"4ff3c898-66a3-4db5-b7c2-216f90203334","price":"104491.52","product_id":"BTC-USD","sequence":107417374369,"side":"buy","size":"0.00000067","taker_order_id":"4e8cda32-25ce-4da2-82c1-e96d7c27e73f","time":"2025-06-20T05:39:33.414591Z","trade_id":839699272,"type":"match"}
{"maker_order_id":"4ff3c898-66a3-4db5-b7c2-216f90203334","price":"104491.52","product_id":"BTC-USD","sequence":107417374622,"side":"buy","size":"0.00000067","taker_order_id":"1d8872e3-545c-44b4-b5cd-82be9e085932","time":"2025-06-20T05:39:34.424552Z","trade_id":839699273,"type":"match"}
{"maker_order_id":"649da548-4160-4565-ac2b-e699625bf0a0","price":"104491.53","product_id":"BTC-USD","sequence":107417374969,"side":"sell","size":"0.00581754","taker_order_id":"09c2fd10-59bc-440a-917d-749f2ca8ec8c","time":"2025-06-20T05:39:35.189036Z","trade_id":839699274,"type":"match"}
{"maker_order_id":"4ff3c898-66a3-4db5-b7c2-216f90203334","price":"104491.52","product_id":"BTC-USD","sequence":107417375033,"side":"buy","size":"0.00000899","taker_order_id":"04d4f9bd-cf09-4bc6-b326-4ae071d67663","time":"2025-06-20T05:39:35.207534Z","trade_id":839699275,"type":"match"}
{"maker_order_id":"2989d2fe-2782-4c39-b741-f7fbc09f912b","price":"104484.66","product_id":"BTC-USD","sequence":107417375035,"side":"buy","size":"0.02100535","taker_order_id":"04d4f9bd-cf09-4bc6-b326-4ae071d67663","time":"2025-06-20T05:39:35.207534Z","trade_id":839699276,"type":"match"}
{"maker_order_id":"94b38579-7555-449a-98e3-b0e34dc763f8","price":"104488.15","product_id":"BTC-USD","sequence":107417375368,"side":"buy","size":"0.00000067","taker_order_id":"9c0f7cce-d3e9-4611-80b6-895658b79b4c","time":"2025-06-20T05:39:35.503897Z","trade_id":839699277,"type":"match"}
{"maker_order_id":"15a9e543-ccec-4d12-a95c-d748249c3f6a","price":"104492.99","product_id":"BTC-USD","sequence":107417375613,"side":"sell","size":"0.00095342","taker_order_id":"da3b14a8-3521-4da8-bc0a-a1fb7bfeba60","time":"2025-06-20T05:39:35.638807Z","trade_id":839699278,"type":"match"}
{"maker_order_id":"325c975d-5920-4a53-b43a-748e2cf488aa","price":"104493","product_id":"BTC-USD","sequence":107417375615,"side":"sell","size":"0.00094147","taker_order_id":"da3b14a8-3521-4da8-bc0a-a1fb7bfeba60","time":"2025-06-20T05:39:35.638807Z","trade_id":839699279,"type":"match"}
{"maker_order_id":"06581d0a-0b42-4897-b3c8-c50169709afc","price":"104492.54","product_id":"BTC-USD","sequence":107417375850,"side":"sell","size":"0.00004633","taker_order_id":"82ee06ef-b229-46ee-89e0-b8e2fc7f8775","time":"2025-06-20T05:39:35.773154Z","trade_id":839699280,"type":"match"}
{"maker_order_id":"74cfb365-d0fb-42d5-813b-105f2a760301","price":"104488.18","product_id":"BTC-USD","sequence":107417376145,"side":"buy","size":"0.00000067","taker_order_id":"9a8735b8-5138-4da9-ba0d-be91c3c2b8fb","time":"2025-06-20T05:39:36.371910Z","trade_id":839699281,"type":"match"}
{"maker_order_id":"c55a9101-7b83-49e5-8707-2000cfca0c2d","price":"104489.36","product_id":"BTC-USD","sequence":107417376820,"side":"sell","size":"0.00002852","taker_order_id":"6b6bb369-af82-4d14-b0e9-6d3401de8cbe","time":"2025-06-20T05:39:37.054753Z","trade_id":839699282,"type":"match"}
{"maker_order_id":"c5cd6b52-eb31-4257-9e28-1ff2b3e19a32","price":"104487.23","product_id":"BTC-USD","sequence":107417376856,"side":"buy","size":"0.00000067","taker_order_id":"d822482b-e2dd-44bb-b97e-3556a2683113","time":"2025-06-20T05:39:37.329708Z","trade_id":839699283,"type":"match"}
{"maker_order_id":"4c1f5086-0a4e-47fd-adde-26b776c6e162","price":"104487.32","product_id":"BTC-USD","sequence":107417377057,"side":"sell","size":"0.00014211","taker_order_id":"8096f454-cb41-4f5d-923c-f974095d5192","time":"2025-06-20T05:39:37.783231Z","trade_id":839699284,"type":"match"}
{"maker_order_id":"4c1f5086-0a4e-47fd-adde-26b776c6e162","price":"104487.31","product_id":"BTC-USD","sequence":107417377155,"side":"sell","size":"0.00047372","taker_order_id":"547af5fd-e38d-41dd-94b1-e850dd497fd3","time":"2025-06-20T05:39:38.224032Z","trade_id":839699285,"type":"match"}
{"maker_order_id":"76f0e96b-7c80-4656-8c13-201eeb731c61","price":"104487.32","product_id":"BTC-USD","sequence":107417377163,"side":"sell","size":"0.00010905","taker_order_id":"e8efd2dd-e2da-4299-8faa-d6ec8f9a3d44","time":"2025-06-20T05:39:38.322072Z","trade_id":839699286,"type":"match"}
{"maker_order_id":"077457b0-ff48-472d-8b86-369cb43aa251","price":"104487.3","product_id":"BTC-USD","sequence":107417377186,"side":"buy","size":"0.00000067","taker_order_id":"c877ea6a-9632-4e34-8be5-f007e4f79c02","time":"2025-06-20T05:39:38.394484Z","trade_id":839699287,"type":"match"}
{"maker_order_id":"00f00f14-0d9a-4b93-aff8-1f7528a432b3","price":"104487.17","product_id":"BTC-USD","sequence":107417378109,"side":"sell","size":"0.00025961","taker_order_id":"e2ee5dc4-e338-47da-acef-1270e42e1229","time":"2025-06-20T05:39:39.499049Z","trade_id":839699288,"type":"match"}
{"maker_order_id":"a887cae7-4d14-4885-aaa2-65e06da37d21","price":"104486.73","product_id":"BTC-USD","sequence":107417378113,"side":"buy","size":"0.00000067","taker_order_id":"5932d820-c09e-41cc-a096-1877ccecaf18","time":"2025-06-20T05:39:39.503303Z","trade_id":839699289,"type":"match"}
{"maker_order_id":"d9879874-8004-4d81-9e2c-cb816f09021b","price":"104488.15","product_id":"BTC-USD","sequence":107417378515,"side":"sell","size":"0.00319","taker_order_id":"21fdf71c-128f-4bc8-b7a3-a4e65b6355a5","time":"2025-06-20T05:39:39.859998Z","trade_id":839699290,"type":"match"}
{"maker_order_id":"f3c0facd-bc3a-4419-b07a-a219c6dfdd58","price":"104489.19","product_id":"BTC-USD","sequence":107417378847,"side":"sell","size":"0.00023686","taker_order_id":"0d3da96c-bb7a-4af7-94b6-6e3f6b29ee23","time":"2025-06-20T05:39:40.076342Z","trade_id":839699291,"type":"match"}
{"maker_order_id":"42ee2af6-1ee6-47ea-b709-b4ccd02ca436","price":"104488.89","product_id":"BTC-USD","sequence":107417379280,"side":"buy","size":"0.00000067","taker_order_id":"a6022466-958b-41e4-9e91-959b4276012c","time":"2025-06-20T05:39:40.412527Z","trade_id":839699292,"type":"match"}
{"maker_order_id":"27417365-4961-4490-a8a8-ee915b002329","price":"104488.52","product_id":"BTC-USD","sequence":107417379552,"side":"buy","size":"0.00000067","taker_order_id":"b09a0409-44fc-436e-8821-2436c8348f21","time":"2025-06-20T05:39:41.322109Z","trade_id":839699293,"type":"match"}
{"maker_order_id":"e3a64e1b-2710-47ff-bd03-897e232cd25a","price":"104488.51","product_id":"BTC-USD","sequence":107417379874,"side":"sell","size":"0.00005902","taker_order_id":"07af7b77-821f-4252-934d-d695b8e60dd8","time":"2025-06-20T05:39:41.874195Z","trade_id":839699294,"type":"match"}
{"maker_order_id":"866909f1-2101-4979-8689-dfd95a30ccc6","price":"104488.51","product_id":"BTC-USD","sequence":107417379958,"side":"sell","size":"0.00465005","taker_order_id":"194cd57a-ac77-4393-bc24-7a22ace19fa5","time":"2025-06-20T05:39:42.046292Z","trade_id":839699295,"type":"match"}
{"maker_order_id":"68d6a76f-5d0f-459a-a82c-13f621402d40","price":"104488.51","product_id":"BTC-USD","sequence":107417380033,"side":"buy","size":"0.00000067","taker_order_id":"cb18af22-c265-4d9b-9d72-d155273aa74d","time":"2025-06-20T05:39:42.195693Z","trade_id":839699296,"type":"match"}
{"maker_order_id":"f0d9f6c4-a511-41ed-b9c2-e55330a28e42","price":"104488.52","product_id":"BTC-USD","sequence":107417380298,"side":"sell","size":"0.00047345","taker_order_id":"2f0ce752-0895-453b-a568-a18505524283","time":"2025-06-20T05:39:43.060110Z","trade_id":839699297,"type":"match"}
{"maker_order_id":"eca71326-a6f7-4843-a91e-47e0ce468b91","price":"104488.61","product_id":"BTC-USD","sequence":107417380316,"side":"sell","size":"0.00000019","taker_order_id":"0f3064c0-a908-410a-b0da-7a5be6709dc7","time":"2025-06-20T05:39:43.077706Z","trade_id":839699298,"type":"match"}
{"maker_order_id":"eca71326-a6f7-4843-a91e-47e0ce468b91","price":"104488.61","product_id":"BTC-USD","sequence":107417380323,"side":"sell","size":"0.00000009","taker_order_id":"e16af424-06de-44f5-bc65-bbbe071bf906","time":"2025-06-20T05:39:43.096430Z","trade_id":839699299,"type":"match"}
{"maker_order_id":"ff670871-d0d9-4a74-8f5b-5da5812a7f02","price":"104488.51","product_id":"BTC-USD","sequence":107417380335,"side":"buy","size":"0.00000067","taker_order_id":"81ac197a-9bd5-4787-9344-96e349e2157a","time":"2025-06-20T05:39:43.180681Z","trade_id":839699300,"type":"match"}
{"maker_order_id":"bc8f505c-2c3b-4d5c-b108-8a281ebdf64a","price":"104488.85","product_id":"BTC-USD","sequence":107417381011,"side":"sell","size":"0.0001","taker_order_id":"26cd4239-ef93-4321-a2f9-a7843949e2cd","time":"2025-06-20T05:39:43.913151Z","trade_id":839699301,"type":"match"}
{"maker_order_id":"a51fa6a2-eddc-48a9-9b97-e851b4c4300b","price":"104488.84","product_id":"BTC-USD","sequence":107417381095,"side":"buy","size":"0.00000067","taker_order_id":"e66f6850-d9cc-47ea-9022-f762866e61f9","time":"2025-06-20T05:39:44.152785Z","trade_id":839699302,"type":"match"}
{"maker_order_id":"bc8f505c-2c3b-4d5c-b108-8a281ebdf64a","price":"104488.85","product_id":"BTC-USD","sequence":107417381173,"side":"sell","size":"0.00030146","taker_order_id":"ce626ab7-f5d2-47ed-b7ce-97886be45ee8","time":"2025-06-20T05:39:44.909860Z","trade_id":839699303,"type":"match"}
{"maker_order_id":"665d08b6-3880-4707-b534-68a29dd7b709","price":"104490.68","product_id":"BTC-USD","sequence":107417382613,"side":"sell","size":"0.0024962","taker_order_id":"c00f3f01-19af-44a6-a1b5-93517b59b40f","time":"2025-06-20T05:39:47.182140Z","trade_id":839699304,"type":"match"}
{"maker_order_id":"2f6d64b6-d5dc-4dee-b1b2-1bcc4eb3ed7c","price":"104490.63","product_id":"BTC-USD","sequence":107417383140,"side":"sell","size":"0.00062778","taker_order_id":"d56b73c2-e93e-4a34-9d54-b802bd1a641f","time":"2025-06-20T05:39:47.993183Z","trade_id":839699305,"type":"match"}
{"maker_order_id":"2f6d64b6-d5dc-4dee-b1b2-1bcc4eb3ed7c","price":"104490.63","product_id":"BTC-USD","sequence":107417383144,"side":"sell","size":"0.00894245","taker_order_id":"ecf64035-32f4-42db-a0ca-90612f137f2e","time":"2025-06-20T05:39:47.993513Z","trade_id":839699306,"type":"match"}
{"maker_order_id":"5814cb7d-bc75-46ff-afe6-055f2a06163f","price":"104490.64","product_id":"BTC-USD","sequence":107417383146,"side":"sell","size":"0.00467322","taker_order_id":"ecf64035-32f4-42db-a0ca-90612f137f2e","time":"2025-06-20T05:39:47.993513Z","trade_id":839699307,"type":"match"}
{"maker_order_id":"6dd7abf3-6d46-4449-917f-00af17f4cf3f","price":"104489.22","product_id":"BTC-USD","sequence":107417383464,"side":"buy","size":"0.00002767","taker_order_id":"aea4bdfc-566d-49ba-bf24-df4987aa0895","time":"2025-06-20T05:39:48.168984Z","trade_id":839699308,"type":"match"}
{"maker_order_id":"c6709d5b-5667-4c8e-a9a1-62cdda7939da","price":"104488.82","product_id":"BTC-USD","sequence":107417383466,"side":"buy","size":"0.00005893","taker_order_id":"aea4bdfc-566d-49ba-bf24-df4987aa0895","time":"2025-06-20T05:39:48.168984Z","trade_id":839699309,"type":"match"}
{"maker_order_id":"471979aa-5b4d-40dd-8a58-539aaa64819d","price":"104488.84","product_id":"BTC-USD","sequence":107417384295,"side":"sell","size":"0.00000945","taker_order_id":"26ab37e8-0feb-45be-9c82-9b559775f74e","time":"2025-06-20T05:39:49.037506Z","trade_id":839699310,"type":"match"}
{"maker_order_id":"18452049-d052-41e1-819f-6a1eec32745b","price":"104488.83","product_id":"BTC-USD","sequence":107417384828,"side":"sell","size":"0.00022275","taker_order_id":"6e991c54-3169-4b48-90c9-b73841489b68","time":"2025-06-20T05:39:51.656347Z","trade_id":839699311,"type":"match"}
{"maker_order_id":"859b35ae-daa9-4aac-8315-1abfef83ecc6","price":"104488.83","product_id":"BTC-USD","sequence":107417384893,"side":"sell","size":"0.00094747","taker_order_id":"5bf918b9-5585-47a3-8353-9d86c344de03","time":"2025-06-20T05:39:51.979068Z","trade_id":839699312,"type":"match"}
{"maker_order_id":"859b35ae-daa9-4aac-8315-1abfef83ecc6","price":"104488.83","product_id":"BTC-USD","sequence":107417385336,"side":"sell","size":"0.000128","taker_order_id":"771f04d5-0ac0-4de8-a842-158a44b90a70","time":"2025-06-20T05:39:53.234734Z","trade_id":839699313,"type":"match"}
{"maker_order_id":"174b6091-f490-403c-b35b-f211e8e38644","price":"104488.83","product_id":"BTC-USD","sequence":107417385472,"side":"sell","size":"0.00090773","taker_order_id":"1a40b090-1ce6-473f-84a5-527c707ddc87","time":"2025-06-20T05:39:53.489331Z","trade_id":839699314,"type":"match"}
{"maker_order_id":"174b6091-f490-403c-b35b-f211e8e38644","price":"104488.83","product_id":"BTC-USD","sequence":107417385640,"side":"sell","size":"0.00050215","taker_order_id":"188c97d0-47e6-40dc-aeb7-8dbc4b3af900","time":"2025-06-20T05:39:54.354559Z","trade_id":839699315,"type":"match"}
{"maker_order_id":"174b6091-f490-403c-b35b-f211e8e38644","price":"104488.83","product_id":"BTC-USD","sequence":107417386036,"side":"sell","size":"0.00008536","taker_order_id":"3066361b-ff22-42fc-bc8e-b295ee5678b5","time":"2025-06-20T05:39:55.855134Z","trade_id":839699316,"type":"match"}
{"maker_order_id":"174b6091-f490-403c-b35b-f211e8e38644","price":"104488.83","product_id":"BTC-USD","sequence":107417386071,"side":"sell","size":"0.00004061","taker_order_id":"95eab737-84b0-472c-93ee-1400da0484b7","time":"2025-06-20T05:39:55.985468Z","trade_id":839699317,"type":"match"}
{"maker_order_id":"c6709d5b-5667-4c8e-a9a1-62cdda7939da","price":"104488.82","product_id":"BTC-USD","sequence":107417386328,"side":"buy","size":"0.00948754","taker_order_id":"4549666f-2e66-4836-8f52-507b7fe78c34","time":"2025-06-20T05:39:57.458819Z","trade_id":839699318,"type":"match"}
{"maker_order_id":"a045fef2-08c7-4f27-9eff-1c9114ac4a33","price":"104486.64","product_id":"BTC-USD","sequence":107417386525,"side":"buy","size":"0.0000022","taker_order_id":"ceb371ea-12bf-4cc4-98a9-314a4ff7125b","time":"2025-06-20T05:39:57.528951Z","trade_id":839699319,"type":"match"}
{"maker_order_id":"683e61aa-639b-4525-86d5-5a9629082923","price":"104486.57","product_id":"BTC-USD","sequence":107417386527,"side":"buy","size":"0.04562085","taker_order_id":"ceb371ea-12bf-4cc4-98a9-314a4ff7125b","time":"2025-06-20T05:39:57.528951Z","trade_id":839699320,"type":"match"}
{"maker_order_id":"683e61aa-639b-4525-86d5-5a9629082923","price":"104486.57","product_id":"BTC-USD","sequence":107417386530,"side":"buy","size":"0.02866691","taker_order_id":"3811e9e3-0e00-4f31-bab9-49b902c9b1fe","time":"2025-06-20T05:39:57.529253Z","trade_id":839699321,"type":"match"}
{"maker_order_id":"683e61aa-639b-4525-86d5-5a9629082923","price":"104486.57","product_id":"BTC-USD","sequence":107417386567,"side":"buy","size":"0.05281131","taker_order_id":"66c19fcf-f1a6-41e5-8c0a-3c9753597100","time":"2025-06-20T05:39:57.536542Z","trade_id":839699322,"type":"match"}
{"maker_order_id":"683e61aa-639b-4525-86d5-5a9629082923","price":"104486.57","product_id":"BTC-USD","sequence":107417386623,"side":"buy","size":"0.09345081","taker_order_id":"addfe00b-2ff9-40f3-bce9-0d7931c1c4c1","time":"2025-06-20T05:39:57.549617Z","trade_id":839699323,"type":"match"}
{"maker_order_id":"683e61aa-639b-4525-86d5-5a9629082923","price":"104486.57","product_id":"BTC-USD","sequence":107417386626,"side":"buy","size":"0.00698968","taker_order_id":"cc7fe241-ecf9-47ea-9193-176ada6f7bed","time":"2025-06-20T05:39:57.549683Z","trade_id":839699324,"type":"match"}
{"maker_order_id":"683e61aa-639b-4525-86d5-5a9629082923","price":"104486.57","product_id":"BTC-USD","sequence":107417386631,"side":"buy","size":"0.03173758","taker_order_id":"3ced5a1e-fde1-41f9-aa89-69278674664d","time":"2025-06-20T05:39:57.552350Z","trade_id":839699325,"type":"match"}
{"maker_order_id":"683e61aa-639b-4525-86d5-5a9629082923","price":"104486.57","product_id":"BTC-USD","sequence":107417386638,"side":"buy","size":"0.04072286","taker_order_id":"c5f7b7fc-fad7-41ff-aae3-006778ddcea8","time":"2025-06-20T05:39:57.554256Z","trade_id":839699326,"type":"match"}
{"maker_order_id":"e0184918-1775-4f3d-bea5-9664b4c5d112","price":"104483.69","product_id":"BTC-USD","sequence":107417387150,"side":"sell","size":"0.00094747","taker_order_id":"ec57a744-4627-43ea-a910-0b0f9ac0e07e","time":"2025-06-20T05:39:58.489256Z","trade_id":839699327,"type":"match"}
{"maker_order_id":"7b4a3e2f-d97e-489a-ab92-cf4b189f6bc7","price":"104483.68","product_id":"BTC-USD","sequence":107417387350,"side":"buy","size":"0.000011","taker_order_id":"9036ee77-8b1b-4a7c-9b2f-c7356ae95a32","time":"2025-06-20T05:39:59.135693Z","trade_id":839699328,"type":"match"}
{"maker_order_id":"05e88494-c4a0-4c8e-b36e-0fcf67b1193d","price":"104483.68","product_id":"BTC-USD","sequence":107417387352,"side":"buy","size":"0.00000535","taker_order_id":"9036ee77-8b1b-4a7c-9b2f-c7356ae95a32","time":"2025-06-20T05:39:59.135693Z","trade_id":839699329,"type":"match"}
{"maker_order_id":"2f4b4011-985c-4e9f-b92a-cfe022590a50","price":"104481.08","product_id":"BTC-USD","sequence":107417387354,"side":"buy","size":"0.01448284","taker_order_id":"9036ee77-8b1b-4a7c-9b2f-c7356ae95a32","time":"2025-06-20T05:39:59.135693Z","trade_id":839699330,"type":"match"}
{"maker_order_id":"45223687-5662-4f0a-8a3d-60f355248988","price":"104481.11","product_id":"BTC-USD","sequence":107417387699,"side":"sell","size":"0.000128","taker_order_id":"f68beac4-cce3-4d5f-8a22-05c77201cb52","time":"2025-06-20T05:39:59.892144Z","trade_id":839699331,"type":"match"}
{"maker_order_id":"45223687-5662-4f0a-8a3d-60f355248988","price":"104481.11","product_id":"BTC-USD","sequence":107417388403,"side":"sell","size":"0.0081","taker_order_id":"61e94c5e-ab0b-447d-bcb3-4c8ae8f79787","time":"2025-06-20T05:40:00.571089Z","trade_id":839699332,"type":"match"}
{"maker_order_id":"45223687-5662-4f0a-8a3d-60f355248988","price":"104481.11","product_id":"BTC-USD","sequence":107417388606,"side":"sell","size":"0.00085272","taker_order_id":"1648505a-75e9-458e-931c-2fd818085986","time":"2025-06-20T05:40:01.178739Z","trade_id":839699333,"type":"match"}
{"maker_order_id":"f9def88c-0875-4e8f-8678-89646049d11c","price":"104481.1","product_id":"BTC-USD","sequence":107417390673,"side":"buy","size":"0.00000038","taker_order_id":"bffb0b13-e5e4-41c0-b5fa-548b108f4bfc","time":"2025-06-20T05:40:09.504157Z","trade_id":839699334,"type":"match"}
{"maker_order_id":"37bfa443-bf41-4048-a19a-ff0352132966","price":"104481.1","product_id":"BTC-USD","sequence":107417390675,"side":"buy","size":"0.00717773","taker_order_id":"bffb0b13-e5e4-41c0-b5fa-548b108f4bfc","time":"2025-06-20T05:40:09.504157Z","trade_id":839699335,"type":"match"}
{"maker_order_id":"2f6487fd-e6d5-4bc7-8b4d-9fa364a04b05","price":"104481.11","product_id":"BTC-USD","sequence":107417390733,"side":"sell","size":"0.0003079","taker_order_id":"82d80ee3-ede0-4bb3-bd66-55242afbe83e","time":"2025-06-20T05:40:09.683663Z","trade_id":839699336,"type":"match"}
{"maker_order_id":"2f6487fd-e6d5-4bc7-8b4d-9fa364a04b05","price":"104481.11","product_id":"BTC-USD","sequence":107417390769,"side":"sell","size":"0.003","taker_order_id":"e3f24cdd-fed4-4cbd-9a39-100f599a1c28","time":"2025-06-20T05:40:09.801644Z","trade_id":839699337,"type":"match"}
{"maker_order_id":"2f6487fd-e6d5-4bc7-8b4d-9fa364a04b05","price":"104481.11","product_id":"BTC-USD","sequence":107417390912,"side":"sell","size":"0.00189494","taker_order_id":"2fac0b1c-8c9d-42bf-b2f4-1398f5fb1779","time":"2025-06-20T05:40:10.087088Z","trade_id":839699338,"type":"match"}
{"maker_order_id":"2f6487fd-e6d5-4bc7-8b4d-9fa364a04b05","price":"104481.11","product_id":"BTC-USD","sequence":107417391296,"side":"sell","size":"0.00026539","taker_order_id":"b2d466bc-6156-4e99-8419-81426413ca03","time":"2025-06-20T05:40:11.363635Z","trade_id":839699339,"type":"match"}
{"maker_order_id":"2f6487fd-e6d5-4bc7-8b4d-9fa364a04b05","price":"104481.11","product_id":"BTC-USD","sequence":107417391501,"side":"sell","size":"0.00008537","taker_order_id":"23cb5060-9f2e-4a39-8717-88fa9eeadbcc","time":"2025-06-20T05:40:12.017078Z","trade_id":839699340,"type":"match"}
{"maker_order_id":"2f6487fd-e6d5-4bc7-8b4d-9fa364a04b05","price":"104481.11","product_id":"BTC-USD","sequence":107417391870,"side":"sell","size":"0.00026294","taker_order_id":"aadd514a-d677-4e58-88ab-cfad7b04ce79","time":"2025-06-20T05:40:13.050966Z","trade_id":839699341,"type":"match"}
{"maker_order_id":"2f6487fd-e6d5-4bc7-8b4d-9fa364a04b05","price":"104481.11","product_id":"BTC-USD","sequence":107417391873,"side":"sell","size":"0.00045384","taker_order_id":"dcc53658-be03-41a3-839a-da52b4d2d482","time":"2025-06-20T05:40:13.095001Z","trade_id":839699342,"type":"match"}
{"maker_order_id":"37bfa443-bf41-4048-a19a-ff0352132966","price":"104481.1","product_id":"BTC-USD","sequence":107417393233,"side":"buy","size":"0.00139526","taker_order_id":"f2ad79af-87e2-4949-b942-67b365e72339","time":"2025-06-20T05:40:19.732255Z","trade_id":839699343,"type":"match"}
{"maker_order_id":"18ae67be-669d-4044-b3ed-137b46859191","price":"104481.1","product_id":"BTC-USD","sequence":107417393235,"side":"buy","size":"0.00005476","taker_order_id":"f2ad79af-87e2-4949-b942-67b365e72339","time":"2025-06-20T05:40:19.732255Z","trade_id":839699344,"type":"match"}
{"maker_order_id":"2f6487fd-e6d5-4bc7-8b4d-9fa364a04b05","price":"104481.11","product_id":"BTC-USD","sequence":107417393706,"side":"sell","size":"0.0035528","taker_order_id":"ecd6e595-dc0c-41b8-bdab-ed7aaa163b26","time":"2025-06-20T05:40:23.072083Z","trade_id":839699345,"type":"match"}
{"maker_order_id":"18ae67be-669d-4044-b3ed-137b46859191","price":"104481.1","product_id":"BTC-USD","sequence":107417393951,"side":"buy","size":"0.00121288","taker_order_id":"7809d691-46b5-46ed-9fec-fa8b0d93ba42","time":"2025-06-20T05:40:24.541328Z","trade_id":839699346,"type":"match"}
{"maker_order_id":"ce31a838-a840-4016-86a3-55fed13a99ca","price":"104481.1","product_id":"BTC-USD","sequence":107417393953,"side":"buy","size":"0.0000249","taker_order_id":"7809d691-46b5-46ed-9fec-fa8b0d93ba42","time":"2025-06-20T05:40:24.541328Z","trade_id":839699347,"type":"match"}
{"maker_order_id":"1562eef4-85ee-4acb-b48a-879a13925d00","price":"104481.1","product_id":"BTC-USD","sequence":107417393955,"side":"buy","size":"0.0000022","taker_order_id":"7809d691-46b5-46ed-9fec-fa8b0d93ba42","time":"2025-06-20T05:40:24.541328Z","trade_id":839699348,"type":"match"}
{"maker_order_id":"3c2d7f78-dd58-40e1-b6e8-ac138308a145","price":"104477.73","product_id":"BTC-USD","sequence":107417394097,"side":"buy","size":"0.139779","taker_order_id":"8a7ad278-e9a6-4757-bc70-e1406dc1cfd4","time":"2025-06-20T05:40:24.553575Z","trade_id":839699349,"type":"match"}
{"maker_order_id":"3c2d7f78-dd58-40e1-b6e8-ac138308a145","price":"104477.73","product_id":"BTC-USD","sequence":107417394117,"side":"buy","size":"0.03234393","taker_order_id":"63f5d73c-e299-4c53-b1c1-f78ed9ba8647","time":"2025-06-20T05:40:24.554854Z","trade_id":839699350,"type":"match"}
{"maker_order_id":"3c2d7f78-dd58-40e1-b6e8-ac138308a145","price":"104477.73","product_id":"BTC-USD","sequence":107417394124,"side":"buy","size":"0.01791854","taker_order_id":"78abb318-686c-4d8a-ad22-589034adf510","time":"2025-06-20T05:40:24.555554Z","trade_id":839699351,"type":"match"}
{"maker_order_id":"3c2d7f78-dd58-40e1-b6e8-ac138308a145","price":"104477.73","product_id":"BTC-USD","sequence":107417394131,"side":"buy","size":"0.00505164","taker_order_id":"a8c834c7-87c7-4da3-9a0c-290ce43e5561","time":"2025-06-20T05:40:24.556549Z","trade_id":839699352,"type":"match"}
{"maker_order_id":"3c2d7f78-dd58-40e1-b6e8-ac138308a145","price":"104477.73","product_id":"BTC-USD","sequence":107417394144,"side":"buy","size":"0.01973651","taker_order_id":"16a684b0-b8ca-46f7-91e0-50136c6add79","time":"2025-06-20T05:40:24.558750Z","trade_id":839699353,"type":"match"}
{"maker_order_id":"c9bf44e9-13fe-480c-a6e0-ee0aee5812c8","price":"104477.74","product_id":"BTC-USD","sequence":107417394351,"side":"sell","size":"0.00045387","taker_order_id":"ef98f050-b2d2-4eef-80d6-8f67c822a590","time":"2025-06-20T05:40:24.651855Z","trade_id":839699354,"type":"match"}
{"maker_order_id":"3c2d7f78-dd58-40e1-b6e8-ac138308a145","price":"104477.73","product_id":"BTC-USD","sequence":107417394781,"side":"buy","size":"0.00030667","taker_order_id":"2c05310f-5ca2-49a9-833e-d7ab8dc1c6fb","time":"2025-06-20T05:40:25.524180Z","trade_id":839699355,"type":"match"}
{"maker_order_id":"f4df6944-8732-4f59-9ae3-90a724deeada","price":"104477.74","product_id":"BTC-USD","sequence":107417395455,"side":"sell","size":"0.00766668","taker_order_id":"d17c455b-ca43-474c-b1ae-9bfab92aeb64","time":"2025-06-20T05:40:29.164754Z","trade_id":839699356,"type":"match"}
{"maker_order_id":"3c2d7f78-dd58-40e1-b6e8-ac138308a145","price":"104477.73","product_id":"BTC-USD","sequence":107417395624,"side":"buy","size":"0.01163383","taker_order_id":"1441c684-0222-4a73-bede-7aabd4a13501","time":"2025-06-20T05:40:30.395686Z","trade_id":839699357,"type":"match"}
{"maker_order_id":"f4df6944-8732-4f59-9ae3-90a724deeada","price":"104477.74","product_id":"BTC-USD","sequence":107417395884,"side":"sell","size":"0.00024182","taker_order_id":"418bda18-bfe9-4c06-8970-c69908b01b15","time":"2025-06-20T05:40:31.395214Z","trade_id":839699358,"type":"match"}
{"maker_order_id":"67af7210-9e1f-4318-a4eb-48bb1c894abc","price":"104477.74","product_id":"BTC-USD","sequence":107417396419,"side":"sell","size":"0.00002774","taker_order_id":"00b2222a-4e6b-4922-9d4a-ad51d27c8870","time":"2025-06-20T05:40:32.617065Z","trade_id":839699359,"type":"match"}
{"maker_order_id":"67af7210-9e1f-4318-a4eb-48bb1c894abc","price":"104477.74","product_id":"BTC-USD","sequence":107417396452,"side":"sell","size":"0.0094757","taker_order_id":"1a82a50c-305f-4fe6-8ab1-7e1ef572291d","time":"2025-06-20T05:40:32.755397Z","trade_id":839699360,"type":"match"}
{"maker_order_id":"67af7210-9e1f-4318-a4eb-48bb1c894abc","price":"104477.74","product_id":"BTC-USD","sequence":107417396656,"side":"sell","size":"0.0001754","taker_order_id":"31ac85b4-a6cf-4739-bb86-7c22e8c56594","time":"2025-06-20T05:40:33.323815Z","trade_id":839699361,"type":"match"}
{"maker_order_id":"67af7210-9e1f-4318-a4eb-48bb1c894abc","price":"104477.74","product_id":"BTC-USD","sequence":107417396855,"side":"sell","size":"0.00047729","taker_order_id":"e2b9ff58-fc07-401d-be6d-e1ff644edb63","time":"2025-06-20T05:40:34.323575Z","trade_id":839699362,"type":"match"}
{"maker_order_id":"67af7210-9e1f-4318-a4eb-48bb1c894abc","price":"104477.74","product_id":"BTC-USD","sequence":107417396938,"side":"sell","size":"0.00004738","taker_order_id":"6147f70e-4e41-4426-893e-0482317d5159","time":"2025-06-20T05:40:34.790168Z","trade_id":839699363,"type":"match"}
{"maker_order_id":"67af7210-9e1f-4318-a4eb-48bb1c894abc","price":"104477.74","product_id":"BTC-USD","sequence":107417396975,"side":"sell","size":"0.00012802","taker_order_id":"e147b369-b087-4a84-be33-ade9894d9a5f","time":"2025-06-20T05:40:34.940846Z","trade_id":839699364,"type":"match"}
{"maker_order_id":"67af7210-9e1f-4318-a4eb-48bb1c894abc","price":"104477.74","product_id":"BTC-USD","sequence":107417396988,"side":"sell","size":"0.00008538","taker_order_id":"c6b3e380-cb88-44e9-906c-1b8b3ca1c5c6","time":"2025-06-20T05:40:35.101792Z","trade_id":839699365,"type":"match"}
{"maker_order_id":"67af7210-9e1f-4318-a4eb-48bb1c894abc","price":"104477.74","product_id":"BTC-USD","sequence":107417397008,"side":"sell","size":"0.00012801","taker_order_id":"c6d8d520-05e0-41d5-a23a-3d86149330d8","time":"2025-06-20T05:40:35.195452Z","trade_id":839699366,"type":"match"}
{"maker_order_id":"67af7210-9e1f-4318-a4eb-48bb1c894abc","price":"104477.74","product_id":"BTC-USD","sequence":107417397269,"side":"sell","size":"0.00014214","taker_order_id":"30447579-fcfe-4d3b-a5de-dd2224d89ad7","time":"2025-06-20T05:40:36.662803Z","trade_id":839699367,"type":"match"}
{"maker_order_id":"67af7210-9e1f-4318-a4eb-48bb1c894abc","price":"104477.74","product_id":"BTC-USD","sequence":107417397320,"side":"sell","size":"0.00036016","taker_order_id":"2dd7ef6a-97e4-44df-b735-1ca605f8835a","time":"2025-06-20T05:40:36.817813Z","trade_id":839699368,"type":"match"}
{"maker_order_id":"67af7210-9e1f-4318-a4eb-48bb1c894abc","price":"104477.74","product_id":"BTC-USD","sequence":107417397394,"side":"sell","size":"0.00000699","taker_order_id":"8f8b5af6-b0a6-48dc-8df8-dad408b47a22","time":"2025-06-20T05:40:37.295445Z","trade_id":839699369,"type":"match"}
{"maker_order_id":"67af7210-9e1f-4318-a4eb-48bb1c894abc","price":"104477.74","product_id":"BTC-USD","sequence":107417397583,"side":"sell","size":"0.00026541","taker_order_id":"5ff746de-ba62-48f3-a27d-c46111032e24","time":"2025-06-20T05:40:38.194701Z","trade_id":839699370,"type":"match"}
{"maker_order_id":"67af7210-9e1f-4318-a4eb-48bb1c894abc","price":"104477.74","product_id":"BTC-USD","sequence":107417397712,"side":"sell","size":"0.00091213","taker_order_id":"cd019043-cd99-4e1b-aad8-035a29a2d959","time":"2025-06-20T05:40:39.374273Z","trade_id":839699371,"type":"match"}
{"maker_order_id":"67af7210-9e1f-4318-a4eb-48bb1c894abc","price":"104477.74","product_id":"BTC-USD","sequence":107417397756,"side":"sell","size":"0.00000554","taker_order_id":"56ff0b7f-bd87-4d17-8d2c-74cba54d235b","time":"2025-06-20T05:40:39.832210Z","trade_id":839699372,"type":"match"}
{"maker_order_id":"67af7210-9e1f-4318-a4eb-48bb1c894abc","price":"104477.74","product_id":"BTC-USD","sequence":107417397843,"side":"sell","size":"0.00009476","taker_order_id":"eb88f73e-afd8-4084-911f-f7d959955c20","time":"2025-06-20T05:40:40.581572Z","trade_id":839699373,"type":"match"}
{"maker_order_id":"67af7210-9e1f-4318-a4eb-48bb1c894abc","price":"104477.74","product_id":"BTC-USD","sequence":107417397913,"side":"sell","size":"0.00007901","taker_order_id":"056cb17a-03a0-46f8-8a29-da9920821f2b","time":"2025-06-20T05:40:41.057092Z","trade_id":839699374,"type":"match"}
{"maker_order_id":"67af7210-9e1f-4318-a4eb-48bb1c894abc","price":"104477.74","product_id":"BTC-USD","sequence":107417397916,"side":"sell","size":"0.00018781","taker_order_id":"3a9f5b57-c2ab-4616-879d-150f0fb1278d","time":"2025-06-20T05:40:41.116116Z","trade_id":839699375,"type":"match"}
{"maker_order_id":"67af7210-9e1f-4318-a4eb-48bb1c894abc","price":"104477.74","product_id":"BTC-USD","sequence":107417397936,"side":"sell","size":"0.00011731","taker_order_id":"f6c9151a-66f0-4c6e-9e93-98fa60299d1e","time":"2025-06-20T05:40:41.386123Z","trade_id":839699376,"type":"match"}
{"maker_order_id":"67af7210-9e1f-4318-a4eb-48bb1c894abc","price":"104477.74","product_id":"BTC-USD","sequence":107417397940,"side":"sell","size":"0.00009239","taker_order_id":"112d0017-b47a-4cab-8060-e148721ee4da","time":"2025-06-20T05:40:41.445791Z","trade_id":839699377,"type":"match"}
{"maker_order_id":"67af7210-9e1f-4318-a4eb-48bb1c894abc","price":"104477.74","product_id":"BTC-USD","sequence":107417398060,"side":"sell","size":"0.0001754","taker_order_id":"16dee6a1-21c8-491e-abc3-8e171ac6c7a0","time":"2025-06-20T05:40:42.693777Z","trade_id":839699378,"type":"match"}
{"maker_order_id":"67af7210-9e1f-4318-a4eb-48bb1c894abc","price":"104477.74","product_id":"BTC-USD","sequence":107417398142,"side":"sell","size":"0.0005331","taker_order_id":"622146d8-7730-4f58-b74c-58583db5f400","time":"2025-06-20T05:40:43.483378Z","trade_id":839699379,"type":"match"}
{"maker_order_id":"67af7210-9e1f-4318-a4eb-48bb1c894abc","price":"104477.74","product_id":"BTC-USD","sequence":107417398374,"side":"sell","size":"0.00023225","taker_order_id":"1b60c7ec-db98-4555-b105-d4eebf8a6087","time":"2025-06-20T05:40:44.823302Z","trade_id":839699380,"type":"match"}
{"maker_order_id":"6fe8e162-60cf-4fd3-bcee-2a296a1f4392","price":"103424.11","product_id":"BTC-USD","sequence":107475574298,"side":"sell","size":"0.00017718","taker_order_id":"c5eb538f-785d-4df2-a724-921326839d4f","time":"2025-06-21T05:50:19.007663Z","trade_id":840088288,"type":"last_match"}
{"maker_order_id":"d0a173ec-7a2d-4ee1-ba06-dfb47f7bdfde","price":"103424.1","product_id":"BTC-USD","sequence":107475574842,"side":"buy","size":"0.00009328","taker_order_id":"9658f2ab-a0db-48d2-aac4-f22e30a0d75b","time":"2025-06-21T05:50:23.615896Z","trade_id":840088289,"type":"match"}
{"maker_order_id":"6fe8e162-60cf-4fd3-bcee-2a296a1f4392","price":"103424.11","product_id":"BTC-USD","sequence":107475574861,"side":"sell","size":"0.00237","taker_order_id":"6a2d231d-01e1-4c51-a832-7d2ed5822eec","time":"2025-06-21T05:50:23.821446Z","trade_id":840088290,"type":"match"}
{"maker_order_id":"6fe8e162-60cf-4fd3-bcee-2a296a1f4392","price":"103424.11","product_id":"BTC-USD","sequence":107475574887,"side":"sell","size":"0.00036","taker_order_id":"b38e0450-b641-450e-bca5-9c992478cc6f","time":"2025-06-21T05:50:23.872942Z","trade_id":840088291,"type":"match"}
{"maker_order_id":"d0a173ec-7a2d-4ee1-ba06-dfb47f7bdfde","price":"103424.1","product_id":"BTC-USD","sequence":107475575047,"side":"buy","size":"0.01268628","taker_order_id":"0e386beb-847c-4c58-a29f-789040d711dd","time":"2025-06-21T05:50:24.517420Z","trade_id":840088292,"type":"match"}
{"maker_order_id":"d0a173ec-7a2d-4ee1-ba06-dfb47f7bdfde","price":"103424.1","product_id":"BTC-USD","sequence":107475575052,"side":"buy","size":"0.00242188","taker_order_id":"c54de31e-b46b-42b0-9e63-7cbbe6596c78","time":"2025-06-21T05:50:24.517629Z","trade_id":840088293,"type":"match"}
{"maker_order_id":"d0a173ec-7a2d-4ee1-ba06-dfb47f7bdfde","price":"103424.1","product_id":"BTC-USD","sequence":107475575060,"side":"buy","size":"0.00372531","taker_order_id":"f4226b06-01b9-46a8-9475-dfa67e5d888e","time":"2025-06-21T05:50:24.518350Z","trade_id":840088294,"type":"match"}
{"maker_order_id":"d0a173ec-7a2d-4ee1-ba06-dfb47f7bdfde","price":"103424.1","product_id":"BTC-USD","sequence":107475575081,"side":"buy","size":"0.01528381","taker_order_id":"84e9f598-5df5-4eb7-9772-bb861d08c1f8","time":"2025-06-21T05:50:24.519399Z","trade_id":840088295,"type":"match"}
{"maker_order_id":"d0a173ec-7a2d-4ee1-ba06-dfb47f7bdfde","price":"103424.1","product_id":"BTC-USD","sequence":107475575099,"side":"buy","size":"0.00937154","taker_order_id":"8329f384-94ee-4bbb-8ddd-8673decafa21","time":"2025-06-21T05:50:24.520353Z","trade_id":840088296,"type":"match"}
{"maker_order_id":"8e651013-87e9-45c2-93fa-fcfc8f978f82","price":"103424.1","product_id":"BTC-USD","sequence":107475575101,"side":"buy","size":"0.00002516","taker_order_id":"8329f384-94ee-4bbb-8ddd-8673decafa21","time":"2025-06-21T05:50:24.520353Z","trade_id":840088297,"type":"match"}
{"maker_order_id":"96e4933e-5cb6-46a1-bc9c-4d3fe4d98198","price":"103424.1","product_id":"BTC-USD","sequence":107475575103,"side":"buy","size":"0.00057871","taker_order_id":"8329f384-94ee-4bbb-8ddd-8673decafa21","time":"2025-06-21T05:50:24.520353Z","trade_id":840088298,"type":"match"}
{"maker_order_id":"9a3c6dad-84f0-45c1-9781-d38fd946c4fb","price":"103424.1","product_id":"BTC-USD","sequence":107475575105,"side":"buy","size":"0.00000551","taker_order_id":"8329f384-94ee-4bbb-8ddd-8673decafa21","time":"2025-06-21T05:50:24.520353Z","trade_id":840088299,"type":"match"}
{"maker_order_id":"6c89fc8a-15bd-4f93-adba-5ba2ef211828","price":"103424.1","product_id":"BTC-USD","sequence":107475575107,"side":"buy","size":"0.00057879","taker_order_id":"8329f384-94ee-4bbb-8ddd-8673decafa21","time":"2025-06-21T05:50:24.520353Z","trade_id":840088300,"type":"match"}
{"maker_order_id":"16fc2451-e4aa-4de4-afa2-340c13f10c04","price":"103424.1","product_id":"BTC-USD","sequence":107475575109,"side":"buy","size":"0.00057879","taker_order_id":"8329f384-94ee-4bbb-8ddd-8673decafa21","time":"2025-06-21T05:50:24.520353Z","trade_id":840088301,"type":"match"}
{"maker_order_id":"97ef9d08-75dd-418d-aed4-b7b67e5dcb4f","price":"103424.1","product_id":"BTC-USD","sequence":107475575111,"side":"buy","size":"0.00057873","taker_order_id":"8329f384-94ee-4bbb-8ddd-8673decafa21","time":"2025-06-21T05:50:24.520353Z","trade_id":840088302,"type":"match"}
{"maker_order_id":"044a965c-bfbd-466d-a63a-c69a2d140604","price":"103424.1","product_id":"BTC-USD","sequence":107475575113,"side":"buy","size":"0.00057872","taker_order_id":"8329f384-94ee-4bbb-8ddd-8673decafa21","time":"2025-06-21T05:50:24.520353Z","trade_id":840088303,"type":"match"}
{"maker_order_id":"0515c293-80a0-481c-981a-ee1b3a80de42","price":"103418.9","product_id":"BTC-USD","sequence":107475575680,"side":"buy","size":"0.00002417","taker_order_id":"9e021798-023a-4fcd-af6b-0dff1e0f5c43","time":"2025-06-21T05:50:24.840417Z","trade_id":840088304,"type":"match"}
{"maker_order_id":"0515c293-80a0-481c-981a-ee1b3a80de42","price":"103418.9","product_id":"BTC-USD","sequence":107475575720,"side":"buy","size":"0.00202223","taker_order_id":"576cdaf7-ec04-41a0-aa5a-2745367c5575","time":"2025-06-21T05:50:24.871144Z","trade_id":840088305,"type":"match"}
{"maker_order_id":"8f0cbbca-120c-4eed-9483-6d77a63cb215","price":"103418.9","product_id":"BTC-USD","sequence":107475575722,"side":"buy","size":"0.00002865","taker_order_id":"576cdaf7-ec04-41a0-aa5a-2745367c5575","time":"2025-06-21T05:50:24.871144Z","trade_id":840088306,"type":"match"}
{"maker_order_id":"72c14947-c0ae-4c46-9f01-714675670d2f","price":"103418.54","product_id":"BTC-USD","sequence":107475575724,"side":"buy","size":"0.00048347","taker_order_id":"576cdaf7-ec04-41a0-aa5a-2745367c5575","time":"2025-06-21T05:50:24.871144Z","trade_id":840088307,"type":"match"}
{"maker_order_id":"18dff484-c638-4707-a24c-fb7a6149b231","price":"103417.52","product_id":"BTC-USD","sequence":107475575726,"side":"buy","size":"0.000011","taker_order_id":"576cdaf7-ec04-41a0-aa5a-2745367c5575","time":"2025-06-21T05:50:24.871144Z","trade_id":840088308,"type":"match"}
{"maker_order_id":"f934c75a-4181-4788-9fa1-c4e5ceebb2a3","price":"103416.21","product_id":"BTC-USD","sequence":107475575728,"side":"buy","size":"0.01354585","taker_order_id":"576cdaf7-ec04-41a0-aa5a-2745367c5575","time":"2025-06-21T05:50:24.871144Z","trade_id":840088309,"type":"match"}
{"maker_order_id":"f934c75a-4181-4788-9fa1-c4e5ceebb2a3","price":"103416.21","product_id":"BTC-USD","sequence":107475575920,"side":"buy","size":"0.00328691","taker_order_id":"31670941-c573-4515-85d1-7a112ccf78f0","time":"2025-06-21T05:50:25.206996Z","trade_id":840088310,"type":"match"}
{"maker_order_id":"2723d62e-3865-4a8e-acc4-0f3a91bb02e9","price":"103416.22","product_id":"BTC-USD","sequence":107475576535,"side":"sell","size":"0.0015","taker_order_id":"7f44f900-9bb3-4859-9a4f-9fa9f2eb6333","time":"2025-06-21T05:50:29.561311Z","trade_id":840088311,"type":"match"}
{"maker_order_id":"ce67e393-f4c5-4692-8834-ed4d68ccd673","price":"103416.22","product_id":"BTC-USD","sequence":107475576555,"side":"sell","size":"0.00016","taker_order_id":"f29b4dd3-8ecb-4c23-89fe-091794063c53","time":"2025-06-21T05:50:29.711444Z","trade_id":840088312,"type":"match"}
{"maker_order_id":"f934c75a-4181-4788-9fa1-c4e5ceebb2a3","price":"103416.21","product_id":"BTC-USD","sequence":107475576642,"side":"buy","size":"0.00008272","taker_order_id":"e35b4477-97bd-4c58-8e9c-0ba9451cea14","time":"2025-06-21T05:50:30.783433Z","trade_id":840088313,"type":"match"}
{"maker_order_id":"ce67e393-f4c5-4692-8834-ed4d68ccd673","price":"103416.22","product_id":"BTC-USD","sequence":107475577163,"side":"sell","size":"0.0001342","taker_order_id":"fee05047-63da-4af8-a394-3eb9b619ab52","time":"2025-06-21T05:50:32.040881Z","trade_id":840088314,"type":"match"}
{"maker_order_id":"ce67e393-f4c5-4692-8834-ed4d68ccd673","price":"103416.22","product_id":"BTC-USD","sequence":107475577273,"side":"sell","size":"0.0002426","taker_order_id":"7f29e7d9-3a26-4ab8-afc4-a7514fd519f7","time":"2025-06-21T05:50:32.696069Z","trade_id":840088315,"type":"match"}
{"maker_order_id":"7d125c1a-6198-473a-bf3b-0114a0daa699","price":"103416.21","product_id":"BTC-USD","sequence":107475577282,"side":"buy","size":"0.00000061","taker_order_id":"e9ba504b-6dde-416e-bc87-d03d37b59639","time":"2025-06-21T05:50:32.726002Z","trade_id":840088316,"type":"match"}
{"maker_order_id":"7d125c1a-6198-473a-bf3b-0114a0daa699","price":"103416.21","product_id":"BTC-USD","sequence":107475577382,"side":"buy","size":"0.0000006","taker_order_id":"2cb49914-0f94-43d6-a2b9-6ad1c40462bd","time":"2025-06-21T05:50:33.412719Z","trade_id":840088317,"type":"match"}
{"maker_order_id":"ce67e393-f4c5-4692-8834-ed4d68ccd673","price":"103416.22","product_id":"BTC-USD","sequence":107475577439,"side":"sell","size":"0.00017718","taker_order_id":"0f713b7c-57c5-4667-a70d-fb08c6c6232f","time":"2025-06-21T05:50:34.083595Z","trade_id":840088318,"type":"match"}
{"maker_order_id":"ce67e393-f4c5-4692-8834-ed4d68ccd673","price":"103416.22","product_id":"BTC-USD","sequence":107475577455,"side":"sell","size":"0.00000018","taker_order_id":"44b01a79-74d4-489a-8ba4-cf3af654faae","time":"2025-06-21T05:50:34.160593Z","trade_id":840088319,"type":"match"}
{"maker_order_id":"ce67e393-f4c5-4692-8834-ed4d68ccd673","price":"103416.22","product_id":"BTC-USD","sequence":107475577574,"side":"sell","size":"0.00000017","taker_order_id":"a4bba599-04e0-4c60-9c39-e55a49230c55","time":"2025-06-21T05:50:34.655745Z","trade_id":840088320,"type":"match"}
{"maker_order_id":"4fa13100-bc43-4069-b33a-3c181bc0c73a","price":"103416.22","product_id":"BTC-USD","sequence":107475577765,"side":"sell","size":"0.00004303","taker_order_id":"a6151105-aabf-4f43-946a-46eb1b71d210","time":"2025-06-21T05:50:36.210214Z","trade_id":840088321,"type":"match"}
{"maker_order_id":"26c4860e-376c-49e9-885d-5401d3a7d213","price":"103416.22","product_id":"BTC-USD","sequence":107475577767,"side":"sell","size":"0.00010907","taker_order_id":"a6151105-aabf-4f43-946a-46eb1b71d210","time":"2025-06-21T05:50:36.210214Z","trade_id":840088322,"type":"match"}
{"maker_order_id":"26c4860e-376c-49e9-885d-5401d3a7d213","price":"103416.22","product_id":"BTC-USD","sequence":107475577780,"side":"sell","size":"0.00000531","taker_order_id":"8d10b574-0f0d-413b-9242-1578a4436e37","time":"2025-06-21T05:50:36.313530Z","trade_id":840088323,"type":"match"}
{"maker_order_id":"26c4860e-376c-49e9-885d-5401d3a7d213","price":"103416.22","product_id":"BTC-USD","sequence":107475577849,"side":"sell","size":"0.00063426","taker_order_id":"b66af6c6-737c-4973-a215-bf1e2af2c8ba","time":"2025-06-21T05:50:36.924635Z","trade_id":840088324,"type":"match"}
{"maker_order_id":"7d125c1a-6198-473a-bf3b-0114a0daa699","price":"103416.21","product_id":"BTC-USD","sequence":107475577956,"side":"buy","size":"0.0000041","taker_order_id":"e06380bb-7e06-4013-ad0f-bc033557bd8a","time":"2025-06-21T05:50:37.434763Z","trade_id":840088325,"type":"match"}
{"maker_order_id":"42983a73-f6ed-43aa-b31e-7c4ada5181c9","price":"103416.21","product_id":"BTC-USD","sequence":107475577958,"side":"buy","size":"0.0002385","taker_order_id":"e06380bb-7e06-4013-ad0f-bc033557bd8a","time":"2025-06-21T05:50:37.434763Z","trade_id":840088326,"type":"match"}
{"maker_order_id":"42983a73-f6ed-43aa-b31e-7c4ada5181c9","price":"103416.21","product_id":"BTC-USD","sequence":107475578296,"side":"buy","size":"0.00011886","taker_order_id":"7c605b46-ead0-4fd3-a005-7f15b1b3e32b","time":"2025-06-21T05:50:41.016275Z","trade_id":840088327,"type":"match"}
{"maker_order_id":"26c4860e-376c-49e9-885d-5401d3a7d213","price":"103416.22","product_id":"BTC-USD","sequence":107475578338,"side":"sell","size":"0.00000617","taker_order_id":"746b41ba-e239-4171-9840-9948e06fdf91","time":"2025-06-21T05:50:41.449207Z","trade_id":840088328,"type":"match"}
{"maker_order_id":"b83b66c8-0e61-4083-828c-a5b9e9b90798","price":"103416.22","product_id":"BTC-USD","sequence":107475578340,"side":"sell","size":"0.00013063","taker_order_id":"746b41ba-e239-4171-9840-9948e06fdf91","time":"2025-06-21T05:50:41.449207Z","trade_id":840088329,"type":"match"}
{"maker_order_id":"b83b66c8-0e61-4083-828c-a5b9e9b90798","price":"103416.22","product_id":"BTC-USD","sequence":107475578590,"side":"sell","size":"0.00003473","taker_order_id":"7d111795-9404-4445-b300-d58e7424670f","time":"2025-06-21T05:50:44.142462Z","trade_id":840088330,"type":"match"}
{"maker_order_id":"a5ee82f9-cd2b-49a9-866b-1211c672d8bc","price":"103416.22","product_id":"BTC-USD","sequence":107475578592,"side":"sell","size":"0.00028127","taker_order_id":"7d111795-9404-4445-b300-d58e7424670f","time":"2025-06-21T05:50:44.142462Z","trade_id":840088331,"type":"match"}
{"maker_order_id":"a5ee82f9-cd2b-49a9-866b-1211c672d8bc","price":"103416.22","product_id":"BTC-USD","sequence":107475578667,"side":"sell","size":"0.00022506","taker_order_id":"aeec1434-92ab-48d2-9ffb-afe7c554023a","time":"2025-06-21T05:50:44.478073Z","trade_id":840088332,"type":"match"}
{"maker_order_id":"a5ee82f9-cd2b-49a9-866b-1211c672d8bc","price":"103416.22","product_id":"BTC-USD","sequence":107475578692,"side":"sell","size":"0.00003839","taker_order_id":"6b71cefc-48b7-413d-bed6-c4915b919084","time":"2025-06-21T05:50:44.671659Z","trade_id":840088333,"type":"match"}
{"maker_order_id":"a5ee82f9-cd2b-49a9-866b-1211c672d8bc","price":"103416.22","product_id":"BTC-USD","sequence":107475578695,"side":"sell","size":"0.00005852","taker_order_id":"a2863e66-3135-46ec-813b-4ab7ac0eccc7","time":"2025-06-21T05:50:44.680988Z","trade_id":840088334,"type":"match"}
{"maker_order_id":"a5ee82f9-cd2b-49a9-866b-1211c672d8bc","price":"103416.22","product_id":"BTC-USD","sequence":107475578709,"side":"sell","size":"0.00003839","taker_order_id":"de0abe8d-c437-484b-bc00-5e5cc19fc9c6","time":"2025-06-21T05:50:44.720066Z","trade_id":840088335,"type":"match"}
{"maker_order_id":"a5ee82f9-cd2b-49a9-866b-1211c672d8bc","price":"103416.22","product_id":"BTC-USD","sequence":107475578712,"side":"sell","size":"0.00036387","taker_order_id":"e9257946-eae6-4efe-a9b3-335d8465512d","time":"2025-06-21T05:50:44.722514Z","trade_id":840088336,"type":"match"}
{"maker_order_id":"f4448b7a-ddad-49a2-8ae6-00095863c262","price":"103416.22","product_id":"BTC-USD","sequence":107475578808,"side":"sell","size":"0.00001614","taker_order_id":"f33e987e-6942-45a4-8531-ec0ea153668f","time":"2025-06-21T05:50:45.243356Z","trade_id":840088337,"type":"match"}
{"maker_order_id":"2042099d-386a-41b2-80a4-fedb8aa77ef9","price":"103416.22","product_id":"BTC-USD","sequence":107475578810,"side":"sell","size":"0.00007959","taker_order_id":"f33e987e-6942-45a4-8531-ec0ea153668f","time":"2025-06-21T05:50:45.243356Z","trade_id":840088338,"type":"match"}
{"maker_order_id":"2042099d-386a-41b2-80a4-fedb8aa77ef9","price":"103416.22","product_id":"BTC-USD","sequence":107475578815,"side":"sell","size":"0.00001675","taker_order_id":"b1fc68a6-d9f6-4ff3-831b-3e40b17e805a","time":"2025-06-21T05:50:45.361884Z","trade_id":840088339,"type":"match"}
{"maker_order_id":"2042099d-386a-41b2-80a4-fedb8aa77ef9","price":"103416.22","product_id":"BTC-USD","sequence":107475578824,"side":"sell","size":"0.00041015","taker_order_id":"ffb38c76-4c74-46e3-b4fb-31dc2533026a","time":"2025-06-21T05:50:45.517362Z","trade_id":840088340,"type":"match"}
{"maker_order_id":"d45f65d7-682c-48ed-9518-b7017850277a","price":"103416.22","product_id":"BTC-USD","sequence":107475578826,"side":"sell","size":"0.00007235","taker_order_id":"ffb38c76-4c74-46e3-b4fb-31dc2533026a","time":"2025-06-21T05:50:45.517362Z","trade_id":840088341,"type":"match"}
{"maker_order_id":"ca5eceea-3bde-4bf8-9c9f-22f4d6d5c9b2","price":"103416.22","product_id":"BTC-USD","sequence":107475578828,"side":"sell","size":"0.00315379","taker_order_id":"ffb38c76-4c74-46e3-b4fb-31dc2533026a","time":"2025-06-21T05:50:45.517362Z","trade_id":840088342,"type":"match"}
{"maker_order_id":"a58b31ef-9ff6-4574-b989-0be7bc7a2d91","price":"103416.22","product_id":"BTC-USD","sequence":107475578847,"side":"sell","size":"0.00023932","taker_order_id":"d0377ecb-6f94-4380-bc61-8d188c8d3824","time":"2025-06-21T05:50:45.564833Z","trade_id":840088343,"type":"match"}
{"maker_order_id":"a58b31ef-9ff6-4574-b989-0be7bc7a2d91","price":"103416.22","product_id":"BTC-USD","sequence":107475578863,"side":"sell","size":"0.00002881","taker_order_id":"930ac5ac-61c8-4974-b5ea-21e993be65d5","time":"2025-06-21T05:50:45.745272Z","trade_id":840088344,"type":"match"}
{"maker_order_id":"27be0914-9243-4f9a-b17f-ace89d68b1ce","price":"103500.01","product_id":"BTC-USD","sequence":107487431983,"side":"sell","size":"0.00027487","taker_order_id":"98e5b416-40a0-4123-909e-fb16b65277fc","time":"2025-06-21T15:41:30.575890Z","trade_id":840177446,"type":"last_match"}
{"maker_order_id":"27be0914-9243-4f9a-b17f-ace89d68b1ce","price":"103500.01","product_id":"BTC-USD","sequence":107487432115,"side":"sell","size":"0.00458217","taker_order_id":"2eb3a74a-0aa8-4736-acd2-4362807d1cd3","time":"2025-06-21T15:41:30.793254Z","trade_id":840177447,"type":"match"}
{"maker_order_id":"27be0914-9243-4f9a-b17f-ace89d68b1ce","price":"103500.01","product_id":"BTC-USD","sequence":107487432354,"side":"sell","size":"0.0000006","taker_order_id":"8768381c-e81a-422a-a873-f894ca8d0927","time":"2025-06-21T15:41:31.250800Z","trade_id":840177448,"type":"match"}
{"maker_order_id":"27be0914-9243-4f9a-b17f-ace89d68b1ce","price":"103500.01","product_id":"BTC-USD","sequence":107487432625,"side":"sell","size":"0.00000062","taker_order_id":"8541e7f2-3a71-49fa-93f0-5291d277a7ad","time":"2025-06-21T15:41:31.633939Z","trade_id":840177449,"type":"match"}
{"maker_order_id":"27be0914-9243-4f9a-b17f-ace89d68b1ce","price":"103500.01","product_id":"BTC-USD","sequence":107487433081,"side":"sell","size":"0.0001719","taker_order_id":"838e4e43-8265-4f3d-a3d1-7c9730c14619","time":"2025-06-21T15:41:32.102113Z","trade_id":840177450,"type":"match"}
{"maker_order_id":"27be0914-9243-4f9a-b17f-ace89d68b1ce","price":"103500.01","product_id":"BTC-USD","sequence":107487433277,"side":"sell","size":"0.00478131","taker_order_id":"178d1d81-6ab3-4be7-ad2c-e7d7820c790e","time":"2025-06-21T15:41:32.402829Z","trade_id":840177451,"type":"match"}
{"maker_order_id":"27be0914-9243-4f9a-b17f-ace89d68b1ce","price":"103500.01","product_id":"BTC-USD","sequence":107487433378,"side":"sell","size":"0.00281602","taker_order_id":"3916b4f8-6047-467f-b1db-99fe4a40326c","time":"2025-06-21T15:41:32.579629Z","trade_id":840177452,"type":"match"}
{"maker_order_id":"27be0914-9243-4f9a-b17f-ace89d68b1ce","price":"103500.01","product_id":"BTC-USD","sequence":107487433407,"side":"sell","size":"0.00037543","taker_order_id":"55f5fd3f-1893-451c-ac4c-d0c2cd5e4693","time":"2025-06-21T15:41:32.612768Z","trade_id":840177453,"type":"match"}
{"maker_order_id":"e58f9cd7-59fb-4f89-9bdb-e86fb3affbc0","price":"103500","product_id":"BTC-USD","sequence":107487433426,"side":"buy","size":"0.00000017","taker_order_id":"8ae7adea-c328-4436-beec-b7889e376ab3","time":"2025-06-21T15:41:32.633261Z","trade_id":840177454,"type":"match"}
{"maker_order_id":"e58f9cd7-59fb-4f89-9bdb-e86fb3affbc0","price":"103500","product_id":"BTC-USD","sequence":107487433833,"side":"buy","size":"0.00000018","taker_order_id":"171c1939-9bc6-4c4f-b138-46b33ab03a14","time":"2025-06-21T15:41:33.232685Z","trade_id":840177455,"type":"match"}
{"maker_order_id":"27be0914-9243-4f9a-b17f-ace89d68b1ce","price":"103500.01","product_id":"BTC-USD","sequence":107487434041,"side":"sell","size":"0.00478161","taker_order_id":"2181e742-9ff5-465d-af8a-5697ad6d1831","time":"2025-06-21T15:41:34.124597Z","trade_id":840177456,"type":"match"}
{"maker_order_id":"e58f9cd7-59fb-4f89-9bdb-e86fb3affbc0","price":"103500","product_id":"BTC-USD","sequence":107487434178,"side":"buy","size":"0.00966784","taker_order_id":"e4b9237f-1c75-4592-82b4-faf2ba852c76","time":"2025-06-21T15:41:34.271240Z","trade_id":840177457,"type":"match"}
{"maker_order_id":"e58f9cd7-59fb-4f89-9bdb-e86fb3affbc0","price":"103500","product_id":"BTC-USD","sequence":107487434358,"side":"buy","size":"0.00000531","taker_order_id":"a87803e6-0d9b-4193-9be1-25f9e8165f5f","time":"2025-06-21T15:41:34.708823Z","trade_id":840177458,"type":"match"}
{"maker_order_id":"27be0914-9243-4f9a-b17f-ace89d68b1ce","price":"103500.01","product_id":"BTC-USD","sequence":107487434447,"side":"sell","size":"0.0005014","taker_order_id":"8a32a8fa-0a8e-475d-86ec-ce3bb4941fd1","time":"2025-06-21T15:41:34.995780Z","trade_id":840177459,"type":"match"}
{"maker_order_id":"66b80f23-b334-4e56-b81f-fd26dd1fb75e","price":"103500.01","product_id":"BTC-USD","sequence":107487434449,"side":"sell","size":"0.00138567","taker_order_id":"8a32a8fa-0a8e-475d-86ec-ce3bb4941fd1","time":"2025-06-21T15:41:34.995780Z","trade_id":840177460,"type":"match"}
{"maker_order_id":"c261e500-5244-4a59-9914-faed8b34dbe1","price":"103500.01","product_id":"BTC-USD","sequence":107487435338,"side":"sell","size":"0.00004067","taker_order_id":"dac60f67-54ce-4fc6-9268-3ef3d3824ef9","time":"2025-06-21T15:41:36.710544Z","trade_id":840177461,"type":"match"}
{"maker_order_id":"a513f9b4-c66a-4453-9c97-36d7e89b6fcf","price":"103502.87","product_id":"BTC-USD","sequence":107487435340,"side":"sell","size":"0.00015454","taker_order_id":"dac60f67-54ce-4fc6-9268-3ef3d3824ef9","time":"2025-06-21T15:41:36.710544Z","trade_id":840177462,"type":"match"}
{"maker_order_id":"e58f9cd7-59fb-4f89-9bdb-e86fb3affbc0","price":"103500","product_id":"BTC-USD","sequence":107487435703,"side":"buy","size":"0.00043468","taker_order_id":"5dfe21a9-ec33-4566-b39f-7d2d570638c6","time":"2025-06-21T15:41:37.170973Z","trade_id":840177463,"type":"match"}
{"maker_order_id":"fcead55e-e4b9-4a2c-9c4e-dd4219ed1713","price":"103500.01","product_id":"BTC-USD","sequence":107487436850,"side":"sell","size":"0.00097","taker_order_id":"fac3d464-4d39-4bbe-b19f-7dee98c1e961","time":"2025-06-21T15:41:40.139417Z","trade_id":840177464,"type":"match"}
{"maker_order_id":"e58f9cd7-59fb-4f89-9bdb-e86fb3affbc0","price":"103500","product_id":"BTC-USD","sequence":107487437375,"side":"buy","size":"0.00000995","taker_order_id":"86258124-39d7-4506-99e6-8ac09075e03b","time":"2025-06-21T15:41:40.711405Z","trade_id":840177465,"type":"match"}
{"maker_order_id":"1eb958fc-d2d2-4559-9d7b-61323d39d82a","price":"103500.01","product_id":"BTC-USD","sequence":107487437855,"side":"sell","size":"0.00026785","taker_order_id":"53c05eaf-95ce-4e91-bf38-563b9c31fd54","time":"2025-06-21T15:41:41.140970Z","trade_id":840177466,"type":"match"}
{"maker_order_id":"1eb958fc-d2d2-4559-9d7b-61323d39d82a","price":"103500.01","product_id":"BTC-USD","sequence":107487438198,"side":"sell","size":"0.00004782","taker_order_id":"55b3b61f-81b2-4269-83af-da6b0615520f","time":"2025-06-21T15:41:41.970629Z","trade_id":840177467,"type":"match"}
{"maker_order_id":"1eb958fc-d2d2-4559-9d7b-61323d39d82a","price":"103500.01","product_id":"BTC-USD","sequence":107487438318,"side":"sell","size":"0.00191797","taker_order_id":"be7a522d-05ef-485c-a7ac-58350633560f","time":"2025-06-21T15:41:42.438705Z","trade_id":840177468,"type":"match"}
{"maker_order_id":"e58f9cd7-59fb-4f89-9bdb-e86fb3affbc0","price":"103500","product_id":"BTC-USD","sequence":107487438414,"side":"buy","size":"0.00191085","taker_order_id":"d2642817-f2c1-4237-ab88-98ed6987ce7d","time":"2025-06-21T15:41:42.626999Z","trade_id":840177469,"type":"match"}
{"maker_order_id":"c2e3e8de-c954-4dfd-8eac-fafc4f9a8bcb","price":"103500","product_id":"BTC-USD","sequence":107487438416,"side":"buy","size":"0.00399736","taker_order_id":"d2642817-f2c1-4237-ab88-98ed6987ce7d","time":"2025-06-21T15:41:42.626999Z","trade_id":840177470,"type":"match"}
{"maker_order_id":"8f2d08a6-ad4a-4633-af0f-254e71021029","price":"103500","product_id":"BTC-USD","sequence":107487438418,"side":"buy","size":"0.00003352","taker_order_id":"d2642817-f2c1-4237-ab88-98ed6987ce7d","time":"2025-06-21T15:41:42.626999Z","trade_id":840177471,"type":"match"}
{"maker_order_id":"51ed5fbf-3ebe-40ac-8bb0-4b2b7dfc1c72","price":"103500","product_id":"BTC-USD","sequence":107487438420,"side":"buy","size":"0.00193201","taker_order_id":"d2642817-f2c1-4237-ab88-98ed6987ce7d","time":"2025-06-21T15:41:42.626999Z","trade_id":840177472,"type":"match"}
{"maker_order_id":"3193e09b-5c41-4365-918d-8290e0e87752","price":"103500","product_id":"BTC-USD","sequence":107487438422,"side":"buy","size":"0.01190692","taker_order_id":"d2642817-f2c1-4237-ab88-98ed6987ce7d","time":"2025-06-21T15:41:42.626999Z","trade_id":840177473,"type":"match"}
{"maker_order_id":"265aff50-c414-4911-90e1-cba8602cc9e6","price":"103498.16","product_id":"BTC-USD","sequence":107487440191,"side":"sell","size":"0.00000176","taker_order_id":"3d1d7e07-a865-4200-8020-b51bbabe5636","time":"2025-06-21T15:41:45.268358Z","trade_id":840177474,"type":"match"}
{"maker_order_id":"265aff50-c414-4911-90e1-cba8602cc9e6","price":"103498.16","product_id":"BTC-USD","sequence":107487440322,"side":"sell","size":"0.00002066","taker_order_id":"66244fae-d1ee-42e0-a460-f8c0ec787b7d","time":"2025-06-21T15:41:45.979293Z","trade_id":840177475,"type":"match"}
{"maker_order_id":"265aff50-c414-4911-90e1-cba8602cc9e6","price":"103498.16","product_id":"BTC-USD","sequence":107487440325,"side":"sell","size":"0.00000009","taker_order_id":"5d2c0d63-bbae-4cef-905a-68aa53e3d03f","time":"2025-06-21T15:41:45.996227Z","trade_id":840177476,"type":"match"}
{"maker_order_id":"1087207c-f2c6-4f9f-b07c-ab8e092ed911","price":"103498.16","product_id":"BTC-USD","sequence":107487442060,"side":"sell","size":"0.00072944","taker_order_id":"d98a6fda-7a5f-407d-8837-bda60d0cf4c9","time":"2025-06-21T15:41:47.200687Z","trade_id":840177477,"type":"match"}
{"maker_order_id":"1087207c-f2c6-4f9f-b07c-ab8e092ed911","price":"103498.16","product_id":"BTC-USD","sequence":107487442204,"side":"sell","size":"0.0000617","taker_order_id":"e9f81882-7f22-4eef-bf44-181d42e58aab","time":"2025-06-21T15:41:47.570285Z","trade_id":840177478,"type":"match"}
{"maker_order_id":"ac9671b4-8fd6-49d2-ab7f-c078cb2f25e3","price":"103503.29","product_id":"BTC-USD","sequence":107487442604,"side":"sell","size":"0.00045817","taker_order_id":"e1220cee-af5c-4b9e-aa42-1dcb4ba975ee","time":"2025-06-21T15:41:48.789058Z","trade_id":840177479,"type":"match"}
{"maker_order_id":"ac9671b4-8fd6-49d2-ab7f-c078cb2f25e3","price":"103503.29","product_id":"BTC-USD","sequence":107487442756,"side":"sell","size":"0.00000059","taker_order_id":"c882d722-2c91-43ab-b354-feaf8db42c4c","time":"2025-06-21T15:41:49.511567Z","trade_id":840177480,"type":"match"}
{"maker_order_id":"6eaa675b-9f7f-4c66-a22f-fc8bd124d072","price":"103512.87","product_id":"BTC-USD","sequence":107487443640,"side":"buy","size":"0.0000212","taker_order_id":"fa1b7e32-9930-4191-a560-3fbee36ed658","time":"2025-06-21T15:41:50.035640Z","trade_id":840177481,"type":"match"}
{"maker_order_id":"b20d860e-c611-487c-b84d-444afc43333b","price":"103512.88","product_id":"BTC-USD","sequence":107487443656,"side":"sell","size":"0.00000057","taker_order_id":"1a3adf7a-1af1-4e25-9db4-b7c5c98032f6","time":"2025-06-21T15:41:50.049385Z","trade_id":840177482,"type":"match"}
{"maker_order_id":"6eaa675b-9f7f-4c66-a22f-fc8bd124d072","price":"103512.87","product_id":"BTC-USD","sequence":107487443683,"side":"buy","size":"0.00191076","taker_order_id":"c62f2e47-5750-4cb0-a72a-659c1030daac","time":"2025-06-21T15:41:50.100442Z","trade_id":840177483,"type":"match"}
{"maker_order_id":"38fa0efb-ca1b-4c9e-85cb-d120afd673a6","price":"103512.87","product_id":"BTC-USD","sequence":107487443685,"side":"buy","size":"0.01064334","taker_order_id":"c62f2e47-5750-4cb0-a72a-659c1030daac","time":"2025-06-21T15:41:50.100442Z","trade_id":840177484,"type":"match"}
{"maker_order_id":"ee07d3eb-a36f-42b4-a8a8-83de02da6349","price":"103506.51","product_id":"BTC-USD","sequence":107487445172,"side":"buy","size":"0.00000017","taker_order_id":"58aaae95-6d6b-41a7-abe8-65c79da797ed","time":"2025-06-21T15:41:51.139499Z","trade_id":840177485,"type":"match"}
{"maker_order_id":"149b7dfa-9aa0-4250-a418-022790ab26ac","price":"103508.07","product_id":"BTC-USD","sequence":107487445783,"side":"buy","size":"0.00000018","taker_order_id":"773f8f00-d8b7-4610-815d-0600c26cef01","time":"2025-06-21T15:41:51.639798Z","trade_id":840177486,"type":"match"}
{"maker_order_id":"d81d2470-de2f-45ae-a1b8-d4bd32900f5e","price":"103503.32","product_id":"BTC-USD","sequence":107487445845,"side":"buy","size":"0.01503473","taker_order_id":"10de70ba-a704-46fb-b45e-1a5c13a61e64","time":"2025-06-21T15:41:51.717193Z","trade_id":840177487,"type":"match"}
{"maker_order_id":"dba73650-cce8-4b93-8924-0ddfde7a5bef","price":"103503.31","product_id":"BTC-USD","sequence":107487445847,"side":"buy","size":"0.02050175","taker_order_id":"10de70ba-a704-46fb-b45e-1a5c13a61e64","time":"2025-06-21T15:41:51.717193Z","trade_id":840177488,"type":"match"}
{"maker_order_id":"0f39bdb0-46db-4e09-8a0c-aab992024e87","price":"103502.71","product_id":"BTC-USD","sequence":107487445849,"side":"buy","size":"0.00455613","taker_order_id":"10de70ba-a704-46fb-b45e-1a5c13a61e64","time":"2025-06-21T15:41:51.717193Z","trade_id":840177489,"type":"match"}
{"maker_order_id":"e884133a-2ac0-4bc7-881e-9fa0346b6bd0","price":"103501.08","product_id":"BTC-USD","sequence":107487445851,"side":"buy","size":"0.00966173","taker_order_id":"10de70ba-a704-46fb-b45e-1a5c13a61e64","time":"2025-06-21T15:41:51.717193Z","trade_id":840177490,"type":"match"}
{"maker_order_id":"c9b03975-4d56-43af-a3a6-c8280c3303b3","price":"103498.14","product_id":"BTC-USD","sequence":107487445853,"side":"buy","size":"0.00000937","taker_order_id":"10de70ba-a704-46fb-b45e-1a5c13a61e64","time":"2025-06-21T15:41:51.717193Z","trade_id":840177491,"type":"match"}
{"maker_order_id":"092e93b5-12d6-42c4-814b-1023427aaa8d","price":"103498.14","product_id":"BTC-USD","sequence":107487445855,"side":"buy","size":"0.00202572","taker_order_id":"10de70ba-a704-46fb-b45e-1a5c13a61e64","time":"2025-06-21T15:41:51.717193Z","trade_id":840177492,"type":"match"}
{"maker_order_id":"9cf417eb-b45a-45ea-8b50-3941f2b6e7fd","price":"103495.44","product_id":"BTC-USD","sequence":107487445857,"side":"buy","size":"0.01","taker_order_id":"10de70ba-a704-46fb-b45e-1a5c13a61e64","time":"2025-06-21T15:41:51.717193Z","trade_id":840177493,"type":"match"}
{"maker_order_id":"7078eae5-2ced-4b60-a841-e9c788d1fe15","price":"103495.43","product_id":"BTC-USD","sequence":107487445859,"side":"buy","size":"0.03117729","taker_order_id":"10de70ba-a704-46fb-b45e-1a5c13a61e64","time":"2025-06-21T15:41:51.717193Z","trade_id":840177494,"type":"match"}
{"maker_order_id":"8b22d08c-09f6-4af2-bef7-9db47bcf1b91","price":"103495.4","product_id":"BTC-USD","sequence":107487445861,"side":"buy","size":"0.01190692","taker_order_id":"10de70ba-a704-46fb-b45e-1a5c13a61e64","time":"2025-06-21T15:41:51.717193Z","trade_id":840177495,"type":"match"}
{"maker_order_id":"0d7b4750-87e9-4ad9-afd0-0833ca727bbc","price":"103495.37","product_id":"BTC-USD","sequence":107487445863,"side":"buy","size":"0.00808213","taker_order_id":"10de70ba-a704-46fb-b45e-1a5c13a61e64","time":"2025-06-21T15:41:51.717193Z","trade_id":840177496,"type":"match"}
{"maker_order_id":"48fce670-38a3-4ec9-b9dd-3f40869318ee","price":"103492.66","product_id":"BTC-USD","sequence":107487445865,"side":"buy","size":"0.0319731","taker_order_id":"10de70ba-a704-46fb-b45e-1a5c13a61e64","time":"2025-06-21T15:41:51.717193Z","trade_id":840177497,"type":"match"}
{"maker_order_id":"46402786-e539-42f6-b43d-84390a84c282","price":"103489.9","product_id":"BTC-USD","sequence":107487445867,"side":"buy","size":"0.15314663","taker_order_id":"10de70ba-a704-46fb-b45e-1a5c13a61e64","time":"2025-06-21T15:41:51.717193Z","trade_id":840177498,"type":"match"}
{"maker_order_id":"03fa5d2c-a7e8-458a-ace6-c72ef2aee1e6","price":"103489.88","product_id":"BTC-USD","sequence":107487445869,"side":"buy","size":"0.02302396","taker_order_id":"10de70ba-a704-46fb-b45e-1a5c13a61e64","time":"2025-06-21T15:41:51.717193Z","trade_id":840177499,"type":"match"}
{"maker_order_id":"f891f7cc-8863-4e15-96bf-0f1173b64ff5","price":"103489.87","product_id":"BTC-USD","sequence":107487445871,"side":"buy","size":"0.05147261","taker_order_id":"10de70ba-a704-46fb-b45e-1a5c13a61e64","time":"2025-06-21T15:41:51.717193Z","trade_id":840177500,"type":"match"}
{"maker_order_id":"1ffa620c-e2c1-47c2-96a7-cfaaed608491","price":"103506.59","product_id":"BTC-USD","sequence":107487446119,"side":"sell","size":"0.00060465","taker_order_id":"b3f29cc5-1384-43ea-b393-0597735ec69c","time":"2025-06-21T15:41:51.751862Z","trade_id":840177501,"type":"match"}
{"maker_order_id":"8fbd976a-2f77-46e6-bfce-1fe75da9bccd","price":"103507.68","product_id":"BTC-USD","sequence":107487447180,"side":"sell","size":"0.00084876","taker_order_id":"9a76a89a-849f-4f6f-b172-5d3cf015dd7c","time":"2025-06-21T15:41:52.110997Z","trade_id":840177502,"type":"match"}
{"maker_order_id":"1e8a95ad-a902-4b6a-a68b-dbdbcaad5bc4","price":"103507.69","product_id":"BTC-USD","sequence":107487447182,"side":"sell","size":"0.00096355","taker_order_id":"9a76a89a-849f-4f6f-b172-5d3cf015dd7c","time":"2025-06-21T15:41:52.110997Z","trade_id":840177503,"type":"match"}
{"maker_order_id":"b73ad21f-af5f-42c8-94b8-41a04ee938bc","price":"103507.69","product_id":"BTC-USD","sequence":107487447184,"side":"sell","size":"0.00053504","taker_order_id":"9a76a89a-849f-4f6f-b172-5d3cf015dd7c","time":"2025-06-21T15:41:52.110997Z","trade_id":840177504,"type":"match"}
{"maker_order_id":"4529274b-0610-4498-bb88-b198e5d8eb9e","price":"103511.43","product_id":"BTC-USD","sequence":107487447856,"side":"buy","size":"0.00028691","taker_order_id":"bfb45891-befa-472e-910c-493fed5c790a","time":"2025-06-21T15:41:52.622059Z","trade_id":840177505,"type":"match"}
{"maker_order_id":"d8293549-9973-4fe2-b229-5b248a48a4b0","price":"103514.22","product_id":"BTC-USD","sequence":107487450989,"side":"sell","size":"0.00021247","taker_order_id":"1b3435a7-d7e1-474d-aeb2-50bf4e323ca8","time":"2025-06-21T15:41:54.551493Z","trade_id":840177506,"type":"match"}
{"maker_order_id":"d8293549-9973-4fe2-b229-5b248a48a4b0","price":"103514.22","product_id":"BTC-USD","sequence":107487451081,"side":"sell","size":"0.00469234","taker_order_id":"3477deb0-00a0-42ba-9790-8c9bef06850b","time":"2025-06-21T15:41:55.181904Z","trade_id":840177507,"type":"match"}
{"maker_order_id":"7bc5bde1-a722-4bc7-ae3e-0197723d9c1f","price":"103511.33","product_id":"BTC-USD","sequence":107487451681,"side":"sell","size":"0.00000483","taker_order_id":"560928ab-6dfd-4b71-88ec-83359c0636a7","time":"2025-06-21T15:41:56.555498Z","trade_id":840177508,"type":"match"}
{"maker_order_id":"655702b9-2e7c-4f40-ae0f-58f0cc1191c2","price":"103511.23","product_id":"BTC-USD","sequence":107487452015,"side":"buy","size":"0.00193185","taker_order_id":"e51536ac-44d2-4fab-a735-8160d571a677","time":"2025-06-21T15:41:57.317920Z","trade_id":840177509,"type":"match"}
{"maker_order_id":"fbb97cc6-4272-491a-8b3d-a2768dbd7bbe","price":"103511.23","product_id":"BTC-USD","sequence":107487452017,"side":"buy","size":"0.01190692","taker_order_id":"e51536ac-44d2-4fab-a735-8160d571a677","time":"2025-06-21T15:41:57.317920Z","trade_id":840177510,"type":"match"}
{"maker_order_id":"26513102-f8b4-4213-ac73-3dfa724b65a9","price":"103511.23","product_id":"BTC-USD","sequence":107487452019,"side":"buy","size":"0.00002863","taker_order_id":"e51536ac-44d2-4fab-a735-8160d571a677","time":"2025-06-21T15:41:57.317920Z","trade_id":840177511,"type":"match"}
{"maker_order_id":"115c340c-fa8d-4995-aab2-0aea2ca7a350","price":"103503.32","product_id":"BTC-USD","sequence":107487452393,"side":"buy","size":"0.00003352","taker_order_id":"e16f6649-3b06-4d64-b291-db630820ad61","time":"2025-06-21T15:41:57.359109Z","trade_id":840177512,"type":"match"}
{"maker_order_id":"e0c5b6d0-98af-4581-802e-48b8f7a486df","price":"103503.32","product_id":"BTC-USD","sequence":107487452395,"side":"buy","size":"0.0011579","taker_order_id":"e16f6649-3b06-4d64-b291-db630820ad61","time":"2025-06-21T15:41:57.359109Z","trade_id":840177513,"type":"match"}
{"maker_order_id":"8d3506f6-0d40-487c-b986-e723ba1d5b14","price":"103495.12","product_id":"BTC-USD","sequence":107487453768,"side":"buy","size":"0.000011","taker_order_id":"a7da1f19-3c3c-44b1-a463-c7329c757a4c","time":"2025-06-21T15:41:58.315857Z","trade_id":840177514,"type":"match"}
{"maker_order_id":"373fa1ad-0648-41eb-9996-900cc26a065b","price":"103495.12","product_id":"BTC-USD","sequence":107487453770,"side":"buy","size":"0.0002779","taker_order_id":"a7da1f19-3c3c-44b1-a463-c7329c757a4c","time":"2025-06-21T15:41:58.315857Z","trade_id":840177515,"type":"match"}
{"maker_order_id":"131169aa-5ce0-4c79-9500-d1207b9178c3","price":"103495.41","product_id":"BTC-USD","sequence":107487454450,"side":"sell","size":"0.00024658","taker_order_id":"321dcaa7-d3d8-4c65-9c19-5c4d85dacb47","time":"2025-06-21T15:41:59.204291Z","trade_id":840177516,"type":"match"}
{"maker_order_id":"25f9b7ae-e36c-4fd2-b88d-1faf59876749","price":"103495.41","product_id":"BTC-USD","sequence":107487454452,"side":"sell","size":"0.00001613","taker_order_id":"321dcaa7-d3d8-4c65-9c19-5c4d85dacb47","time":"2025-06-21T15:41:59.204291Z","trade_id":840177517,"type":"match"}
{"maker_order_id":"973266f7-1bae-4d50-af5a-4fd1946a1506","price":"103495.41","product_id":"BTC-USD","sequence":107487454454,"side":"sell","size":"0.00007512","taker_order_id":"321dcaa7-d3d8-4c65-9c19-5c4d85dacb47","time":"2025-06-21T15:41:59.204291Z","trade_id":840177518,"type":"match"}
{"maker_order_id":"888d5e17-e762-4a0e-b9d1-8a0ecc990203","price":"103495.41","product_id":"BTC-USD","sequence":107487454456,"side":"sell","size":"0.00007234","taker_order_id":"321dcaa7-d3d8-4c65-9c19-5c4d85dacb47","time":"2025-06-21T15:41:59.204291Z","trade_id":840177519,"type":"match"}
{"maker_order_id":"74458c60-55f6-490c-9570-f9ff1e3ce346","price":"103502.06","product_id":"BTC-USD","sequence":107487454458,"side":"sell","size":"0.00522336","taker_order_id":"321dcaa7-d3d8-4c65-9c19-5c4d85dacb47","time":"2025-06-21T15:41:59.204291Z","trade_id":840177520,"type":"match"}
{"maker_order_id":"75e7fcfc-b13a-4082-988f-79e1702ebc82","price":"103497.52","product_id":"BTC-USD","sequence":107487455138,"side":"buy","size":"0.00234718","taker_order_id":"ea1ee305-efd7-48d7-9e01-eb273c821509","time":"2025-06-21T15:42:00.146743Z","trade_id":840177521,"type":"match"}
{"maker_order_id":"274e21d2-b31a-4eeb-8a83-33868ff10c97","price":"103497.53","product_id":"BTC-USD","sequence":107487455166,"side":"sell","size":"0.00090192","taker_order_id":"ff474980-fd0d-48ab-ad4e-afa1b093be6c","time":"2025-06-21T15:42:00.210363Z","trade_id":840177522,"type":"match"}
{"maker_order_id":"75d15302-21ac-4da3-8568-230676f41fd1","price":"103497.52","product_id":"BTC-USD","sequence":107487455404,"side":"buy","size":"0.00102888","taker_order_id":"5b7b191f-4bc9-427e-8789-03c67c1bb645","time":"2025-06-21T15:42:00.837958Z","trade_id":840177523,"type":"match"}
{"maker_order_id":"7a11c8aa-d2f1-4e90-bc3d-0ea2daa94f18","price":"103497.52","product_id":"BTC-USD","sequence":107487456116,"side":"buy","size":"0.00095517","taker_order_id":"44a890e7-0f5c-494e-9865-db4892fc66ff","time":"2025-06-21T15:42:03.491450Z","trade_id":840177524,"type":"match"}
{"maker_order_id":"4ed546c6-6a8e-49a2-bd4a-d05079441c01","price":"103497.53","product_id":"BTC-USD","sequence":107487456119,"side":"sell","size":"0.00000608","taker_order_id":"0876f175-0159-41b9-8857-9016faf9a71f","time":"2025-06-21T15:42:03.492268Z","trade_id":840177525,"type":"match"}
{"maker_order_id":"88077721-4eef-43e9-a8a6-e93ce1d11c31","price":"103497.53","product_id":"BTC-USD","sequence":107487456121,"side":"sell","size":"0.00023266","taker_order_id":"0876f175-0159-41b9-8857-9016faf9a71f","time":"2025-06-21T15:42:03.492268Z","trade_id":840177526,"type":"match"}
{"maker_order_id":"1deb0389-3dd6-406d-9ef9-b25bc7afe153","price":"103497.53","product_id":"BTC-USD","sequence":107487456123,"side":"sell","size":"0.00002503","taker_order_id":"0876f175-0159-41b9-8857-9016faf9a71f","time":"2025-06-21T15:42:03.492268Z","trade_id":840177527,"type":"match"}
{"maker_order_id":"df1357dc-4dfb-4713-bb8c-5d8e43a75211","price":"103497.53","product_id":"BTC-USD","sequence":107487456125,"side":"sell","size":"0.0000137","taker_order_id":"0876f175-0159-41b9-8857-9016faf9a71f","time":"2025-06-21T15:42:03.492268Z","trade_id":840177528,"type":"match"}
{"maker_order_id":"fbb5e8bd-f2c8-4802-a1b1-2f226fff9a80","price":"103497.55","product_id":"BTC-USD","sequence":107487456127,"side":"sell","size":"0.00018065","taker_order_id":"0876f175-0159-41b9-8857-9016faf9a71f","time":"2025-06-21T15:42:03.492268Z","trade_id":840177529,"type":"match"}
{"maker_order_id":"0b7ea825-78fc-44d1-ac0c-e017f8ec8e23","price":"103497.52","product_id":"BTC-USD","sequence":107487456637,"side":"buy","size":"0.00052567","taker_order_id":"fbbc4aa5-6f50-4eb8-838c-3e9679017371","time":"2025-06-21T15:42:04.149920Z","trade_id":840177530,"type":"match"}
{"maker_order_id":"e17eca8d-bb14-43a5-9737-9748c7269ca1","price":"103497.53","product_id":"BTC-USD","sequence":107487456801,"side":"sell","size":"0.00000048","taker_order_id":"03caaed0-fefc-4d2b-b19f-1337ffa150a1","time":"2025-06-21T15:42:04.498844Z","trade_id":840177531,"type":"match"}
{"maker_order_id":"71473238-1c48-4f7f-8fff-b023543b5ed8","price":"103497.53","product_id":"BTC-USD","sequence":107487456803,"side":"sell","size":"0.00000918","taker_order_id":"03caaed0-fefc-4d2b-b19f-1337ffa150a1","time":"2025-06-21T15:42:04.498844Z","trade_id":840177532,"type":"match"}
{"maker_order_id":"71473238-1c48-4f7f-8fff-b023543b5ed8","price":"103497.53","product_id":"BTC-USD","sequence":107487457027,"side":"sell","size":"0.00000334","taker_order_id":"8b69b255-98c1-45cc-8c24-827a0a0d3ea7","time":"2025-06-21T15:42:04.974390Z","trade_id":840177533,"type":"match"}
{"maker_order_id":"4b3a6cf9-78a6-45b5-b2ad-8bc59c76c889","price":"103497.53","product_id":"BTC-USD","sequence":107487457029,"side":"sell","size":"0.00001034","taker_order_id":"8b69b255-98c1-45cc-8c24-827a0a0d3ea7","time":"2025-06-21T15:42:04.974390Z","trade_id":840177534,"type":"match"}
{"maker_order_id":"a1eb19ce-327b-4126-9ce2-570b0b3b3bf6","price":"103497.53","product_id":"BTC-USD","sequence":107487457031,"side":"sell","size":"0.0000027","taker_order_id":"8b69b255-98c1-45cc-8c24-827a0a0d3ea7","time":"2025-06-21T15:42:04.974390Z","trade_id":840177535,"type":"match"}
{"maker_order_id":"49c487be-3e4f-4e94-b91a-c8906d73c060","price":"103497.53","product_id":"BTC-USD","sequence":107487457033,"side":"sell","size":"0.00017237","taker_order_id":"8b69b255-98c1-45cc-8c24-827a0a0d3ea7","time":"2025-06-21T15:42:04.974390Z","trade_id":840177536,"type":"match"}
{"maker_order_id":"25377301-29c3-4f74-99ba-da2dfd22eec9","price":"103498.28","product_id":"BTC-USD","sequence":107487457035,"side":"sell","size":"0.00073187","taker_order_id":"8b69b255-98c1-45cc-8c24-827a0a0d3ea7","time":"2025-06-21T15:42:04.974390Z","trade_id":840177537,"type":"match"}
{"maker_order_id":"8324998b-5778-456f-aa61-42788c026405","price":"103499.59","product_id":"BTC-USD","sequence":107487457530,"side":"buy","size":"0.00028842","taker_order_id":"a10b04a7-1550-46cc-aa35-74863e59b220","time":"2025-06-21T15:42:05.522226Z","trade_id":840177538,"type":"match"}
{"maker_order_id":"c7ab6a5f-b55b-4cf1-b2cb-e327f1f4cf0e","price":"103499.6","product_id":"BTC-USD","sequence":107487457571,"side":"sell","size":"0.00000038","taker_order_id":"3bf6064a-eafa-4e60-95f1-7062a190f888","time":"2025-06-21T15:42:05.609014Z","trade_id":840177539,"type":"match"}
{"maker_order_id":"0ba1e89e-8af6-42da-bd03-f6b5d6ca94d8","price":"103499.6","product_id":"BTC-USD","sequence":107487457573,"side":"sell","size":"0.00000802","taker_order_id":"3bf6064a-eafa-4e60-95f1-7062a190f888","time":"2025-06-21T15:42:05.609014Z","trade_id":840177540,"type":"match"}
{"maker_order_id":"d0691ee9-ecfc-467e-8a53-f06ea1156101","price":"103499.6","product_id":"BTC-USD","sequence":107487457575,"side":"sell","size":"0.00000653","taker_order_id":"3bf6064a-eafa-4e60-95f1-7062a190f888","time":"2025-06-21T15:42:05.609014Z","trade_id":840177541,"type":"match"}
{"maker_order_id":"2cf2325b-1a00-4aba-80d5-186e5f8cae06","price":"103499.6","product_id":"BTC-USD","sequence":107487457577,"side":"sell","size":"0.0000084","taker_order_id":"3bf6064a-eafa-4e60-95f1-7062a190f888","time":"2025-06-21T15:42:05.609014Z","trade_id":840177542,"type":"match"}
{"maker_order_id":"c06955ed-ec95-44eb-bc14-7ad4856047e3","price":"103507.42","product_id":"BTC-USD","sequence":107487457579,"side":"sell","size":"0.00279305","taker_order_id":"3bf6064a-eafa-4e60-95f1-7062a190f888","time":"2025-06-21T15:42:05.609014Z","trade_id":840177543,"type":"match"}
{"maker_order_id":"60e6f151-8ff8-4875-aa0e-2037a399ef61","price":"103506.55","product_id":"BTC-USD","sequence":107487457873,"side":"sell","size":"0.00095657","taker_order_id":"108dacb9-384f-4218-8d50-53b1cc1747e1","time":"2025-06-21T15:42:05.707309Z","trade_id":840177544,"type":"match"}
{"maker_order_id":"08003422-0c17-4ec2-a359-09cd395bce26","price":"103510.26","product_id":"BTC-USD","sequence":107487458512,"side":"sell","size":"0.00096355","taker_order_id":"e5283bb9-4c4e-4d04-9e64-b3efeb283f92","time":"2025-06-21T15:42:06.010522Z","trade_id":840177545,"type":"match"}
{"maker_order_id":"2bf0f06e-41e8-487a-813c-b1f64f2fe0f7","price":"103510.26","product_id":"BTC-USD","sequence":107487458514,"side":"sell","size":"0.00234645","taker_order_id":"e5283bb9-4c4e-4d04-9e64-b3efeb283f92","time":"2025-06-21T15:42:06.010522Z","trade_id":840177546,"type":"match"}
{"maker_order_id":"d7adad87-2c6a-4b27-9ee3-16bce286a5a9","price":"103504.52","product_id":"BTC-USD","sequence":107487459936,"side":"sell","size":"0.00000058","taker_order_id":"6ef59fb9-c894-4b4b-a432-6347b7dabb20","time":"2025-06-21T15:42:07.306766Z","trade_id":840177547,"type":"match"}
{"maker_order_id":"d7adad87-2c6a-4b27-9ee3-16bce286a5a9","price":"103504.52","product_id":"BTC-USD","sequence":107487460172,"side":"sell","size":"0.00000057","taker_order_id":"14d3779d-0b31-47b4-8855-9fc98ba037a2","time":"2025-06-21T15:42:07.986400Z","trade_id":840177548,"type":"match"}
{"maker_order_id":"9bb414c2-e7cc-4409-bee2-042e86e7ffcb","price":"103504.51","product_id":"BTC-USD","sequence":107487460354,"side":"buy","size":"0.00000017","taker_order_id":"e7135b2a-cfb6-4b42-bbfe-f59697fd96d2","time":"2025-06-21T15:42:08.708607Z","trade_id":840177549,"type":"match"}
{"maker_order_id":"d7adad87-2c6a-4b27-9ee3-16bce286a5a9","price":"103504.52","product_id":"BTC-USD","sequence":107487460383,"side":"sell","size":"0.00016328","taker_order_id":"136a2d62-ae8a-479d-8aa3-91373d2aa154","time":"2025-06-21T15:42:08.838344Z","trade_id":840177550,"type":"match"}
{"maker_order_id":"2337f28b-34a2-42e6-99bc-bb48863a5e2c","price":"103504.54","product_id":"BTC-USD","sequence":107487460385,"side":"sell","size":"0.00072672","taker_order_id":"136a2d62-ae8a-479d-8aa3-91373d2aa154","time":"2025-06-21T15:42:08.838344Z","trade_id":840177551,"type":"match"}
{"maker_order_id":"ea7fd371-8b3a-4f96-8993-2be7c797bb35","price":"103507.2","product_id":"BTC-USD","sequence":107487461091,"side":"buy","size":"0.00000018","taker_order_id":"7cbae823-42be-4d04-98b2-0955db21b3d2","time":"2025-06-21T15:42:09.231248Z","trade_id":840177552,"type":"match"}
{"maker_order_id":"21b61bdb-cd21-4b04-96ba-6e979994f14e","price":"103507.21","product_id":"BTC-USD","sequence":107487461272,"side":"sell","size":"0.00031576","taker_order_id":"a6b64600-d5d0-4568-921d-32aa45986644","time":"2025-06-21T15:42:10.388492Z","trade_id":840177553,"type":"match"}
{"maker_order_id":"21b61bdb-cd21-4b04-96ba-6e979994f14e","price":"103507.21","product_id":"BTC-USD","sequence":107487461295,"side":"sell","size":"0.00023914","taker_order_id":"1a11b839-cf66-4505-b4f5-92c770686e14","time":"2025-06-21T15:42:10.595387Z","trade_id":840177554,"type":"match"}
{"maker_order_id":"21b61bdb-cd21-4b04-96ba-6e979994f14e","price":"103507.21","product_id":"BTC-USD","sequence":107487461349,"side":"sell","size":"0.00000483","taker_order_id":"28203c35-2978-48ce-baf0-7458c4d3c30d","time":"2025-06-21T15:42:10.803072Z","trade_id":840177555,"type":"match"}
{"maker_order_id":"21b61bdb-cd21-4b04-96ba-6e979994f14e","price":"103507.21","product_id":"BTC-USD","sequence":107487461437,"side":"sell","size":"0.00478272","taker_order_id":"c36a2bd6-cf5b-4686-96ef-0e07d934b0c8","time":"2025-06-21T15:42:11.219933Z","trade_id":840177556,"type":"match"}
{"maker_order_id":"5f509346-c0d2-429b-8d92-35d2c1637219","price":"103507.21","product_id":"BTC-USD","sequence":107487461447,"side":"sell","size":"0.00092065","taker_order_id":"0071e0c5-4592-41e1-b42a-c3c1a4977e41","time":"2025-06-21T15:42:11.251797Z","trade_id":840177557,"type":"match"}
{"maker_order_id":"ea7fd371-8b3a-4f96-8993-2be7c797bb35","price":"103507.2","product_id":"BTC-USD","sequence":107487461460,"side":"buy","size":"0.00029277","taker_order_id":"f5a11ae3-8170-4989-ad38-219542b9e75b","time":"2025-06-21T15:42:11.331774Z","trade_id":840177558,"type":"match"}
{"maker_order_id":"5f509346-c0d2-429b-8d92-35d2c1637219","price":"103507.21","product_id":"BTC-USD","sequence":107487461469,"side":"sell","size":"0.00047824","taker_order_id":"2cdb33d6-f364-4282-8609-60a1f6c261f6","time":"2025-06-21T15:42:11.395525Z","trade_id":840177559,"type":"match"}
{"maker_order_id":"5f509346-c0d2-429b-8d92-35d2c1637219","price":"103507.21","product_id":"BTC-USD","sequence":107487461504,"side":"sell","size":"0.00004783","taker_order_id":"7e5aef54-b08d-4cd6-88e1-72241efe15ef","time":"2025-06-21T15:42:11.613525Z","trade_id":840177560,"type":"match"}
{"maker_order_id":"5f509346-c0d2-429b-8d92-35d2c1637219","price":"103507.21","product_id":"BTC-USD","sequence":107487461549,"side":"sell","size":"0.00009325","taker_order_id":"521de459-7dbf-4f62-be91-09017e877dfa","time":"2025-06-21T15:42:11.820985Z","trade_id":840177561,"type":"match"}
{"maker_order_id":"e15f3dca-3c2f-45b7-839a-3477f867a377","price":"103507.2","product_id":"BTC-USD","sequence":107487461556,"side":"buy","size":"0.00022445","taker_order_id":"ac8d6889-0138-480b-89fa-0f34e4d6c481","time":"2025-06-21T15:42:11.826384Z","trade_id":840177562,"type":"match"}
{"maker_order_id":"e15f3dca-3c2f-45b7-839a-3477f867a377","price":"103507.2","product_id":"BTC-USD","sequence":107487461650,"side":"buy","size":"0.00024397","taker_order_id":"562402d0-5b08-4db6-8f3d-72c5fb14a2af","time":"2025-06-21T15:42:12.419547Z","trade_id":840177563,"type":"match"}
{"maker_order_id":"5f509346-c0d2-429b-8d92-35d2c1637219","price":"103507.21","product_id":"BTC-USD","sequence":107487461659,"side":"sell","size":"0.00003836","taker_order_id":"5655ca7c-3b64-402c-9a57-2106d13ddc00","time":"2025-06-21T15:42:12.472317Z","trade_id":840177564,"type":"match"}
{"maker_order_id":"e15f3dca-3c2f-45b7-839a-3477f867a377","price":"103507.2","product_id":"BTC-USD","sequence":107487461702,"side":"buy","size":"0.00002686","taker_order_id":"c0ad5b74-bc72-4aeb-a28b-ced5430bc547","time":"2025-06-21T15:42:12.753128Z","trade_id":840177565,"type":"match"}
{"maker_order_id":"5f509346-c0d2-429b-8d92-35d2c1637219","price":"103507.21","product_id":"BTC-USD","sequence":107487461821,"side":"sell","size":"0.00103286","taker_order_id":"182ee8a5-19f7-4451-9090-7d0f4de0d27e","time":"2025-06-21T15:42:13.422029Z","trade_id":840177566,"type":"match"}
{"maker_order_id":"5f509346-c0d2-429b-8d92-35d2c1637219","price":"103507.21","product_id":"BTC-USD","sequence":107487461872,"side":"sell","size":"0.00191309","taker_order_id":"0e13f864-5864-4ec3-a9e2-403fa387a115","time":"2025-06-21T15:42:13.723598Z","trade_id":840177567,"type":"match"}
{"maker_order_id":"5f509346-c0d2-429b-8d92-35d2c1637219","price":"103507.21","product_id":"BTC-USD","sequence":107487461969,"side":"sell","size":"0.00019131","taker_order_id":"bcdb9fdb-8532-4d56-ba8c-44a9bff7cb22","time":"2025-06-21T15:42:14.287975Z","trade_id":840177568,"type":"match"}
{"maker_order_id":"5f509346-c0d2-429b-8d92-35d2c1637219","price":"103507.21","product_id":"BTC-USD","sequence":107487462467,"side":"sell","size":"0.00281678","taker_order_id":"13900df2-eb71-4252-a790-7da49eb6dcb8","time":"2025-06-21T15:42:15.902739Z","trade_id":840177569,"type":"match"}
{"maker_order_id":"e15f3dca-3c2f-45b7-839a-3477f867a377","price":"103507.2","product_id":"BTC-USD","sequence":107487462682,"side":"buy","size":"0.03950472","taker_order_id":"de1e818e-541b-48d1-b8da-c864633d39ca","time":"2025-06-21T15:42:17.253495Z","trade_id":840177570,"type":"match"}
{"maker_order_id":"285ff511-23a4-43bd-bc8f-c20692f45fdf","price":"103507.2","product_id":"BTC-USD","sequence":107487462684,"side":"buy","size":"0.00193189","taker_order_id":"de1e818e-541b-48d1-b8da-c864633d39ca","time":"2025-06-21T15:42:17.253495Z","trade_id":840177571,"type":"match"}
{"maker_order_id":"4beb89ad-6d81-429f-a09d-07b7ea407fea","price":"103507.2","product_id":"BTC-USD","sequence":107487462686,"side":"buy","size":"0.00002513","taker_order_id":"de1e818e-541b-48d1-b8da-c864633d39ca","time":"2025-06-21T15:42:17.253495Z","trade_id":840177572,"type":"match"}
{"maker_order_id":"6383ac02-0469-4d82-9487-49dc6c9d6e73","price":"103507.18","product_id":"BTC-USD","sequence":107487462688,"side":"buy","size":"0.01190692","taker_order_id":"de1e818e-541b-48d1-b8da-c864633d39ca","time":"2025-06-21T15:42:17.253495Z","trade_id":840177573,"type":"match"}
{"maker_order_id":"0467b91b-3be9-4541-a1a3-a0f82d4d8bbd","price":"103506.16","product_id":"BTC-USD","sequence":107487462690,"side":"buy","size":"0.00005911","taker_order_id":"de1e818e-541b-48d1-b8da-c864633d39ca","time":"2025-06-21T15:42:17.253495Z","trade_id":840177574,"type":"match"}
{"maker_order_id":"0d9d8fc1-0259-4f8b-8157-abf6a0e021a4","price":"103501.52","product_id":"BTC-USD","sequence":107487462692,"side":"buy","size":"0.04272943","taker_order_id":"de1e818e-541b-48d1-b8da-c864633d39ca","time":"2025-06-21T15:42:17.253495Z","trade_id":840177575,"type":"match"}
{"maker_order_id":"951f283c-d12f-49af-b212-bf1686f6c4dd","price":"103501.52","product_id":"BTC-USD","sequence":107487462694,"side":"buy","size":"0.01896035","taker_order_id":"de1e818e-541b-48d1-b8da-c864633d39ca","time":"2025-06-21T15:42:17.253495Z","trade_id":840177576,"type":"match"}
{"maker_order_id":"c4f8cf03-10ff-4938-ada7-c386be954cc8","price":"103501.41","product_id":"BTC-USD","sequence":107487462696,"side":"buy","size":"0.00352301","taker_order_id":"de1e818e-541b-48d1-b8da-c864633d39ca","time":"2025-06-21T15:42:17.253495Z","trade_id":840177577,"type":"match"}
{"maker_order_id":"74bdddd7-e585-43ed-85e7-0e7564c8f19e","price":"103499.81","product_id":"BTC-USD","sequence":107487462698,"side":"buy","size":"0.02050245","taker_order_id":"de1e818e-541b-48d1-b8da-c864633d39ca","time":"2025-06-21T15:42:17.253495Z","trade_id":840177578,"type":"match"}
{"maker_order_id":"ad7958a1-fbe0-41e7-a348-6b8c1c43e5ed","price":"103498.9","product_id":"BTC-USD","sequence":107487462700,"side":"buy","size":"0.01","taker_order_id":"de1e818e-541b-48d1-b8da-c864633d39ca","time":"2025-06-21T15:42:17.253495Z","trade_id":840177579,"type":"match"}
{"maker_order_id":"6191b089-01a2-43be-8504-c76e685425f9","price":"103498.89","product_id":"BTC-USD","sequence":107487462702,"side":"buy","size":"0.06763358","taker_order_id":"de1e818e-541b-48d1-b8da-c864633d39ca","time":"2025-06-21T15:42:17.253495Z","trade_id":840177580,"type":"match"}
{"maker_order_id":"45e463f6-b20b-4683-be93-4addf481f030","price":"103497.37","product_id":"BTC-USD","sequence":107487462704,"side":"buy","size":"0.02548273","taker_order_id":"de1e818e-541b-48d1-b8da-c864633d39ca","time":"2025-06-21T15:42:17.253495Z","trade_id":840177581,"type":"match"}
{"maker_order_id":"5dc9c88c-6fe6-4602-a466-ae3e8d66fa19","price":"103496.7","product_id":"BTC-USD","sequence":107487462706,"side":"buy","size":"0.00966214","taker_order_id":"de1e818e-541b-48d1-b8da-c864633d39ca","time":"2025-06-21T15:42:17.253495Z","trade_id":840177582,"type":"match"}
{"maker_order_id":"f74a6c76-e0bf-4ef5-adcb-dc8117cffcbe","price":"103496.39","product_id":"BTC-USD","sequence":107487462708,"side":"buy","size":"0.00874477","taker_order_id":"de1e818e-541b-48d1-b8da-c864633d39ca","time":"2025-06-21T15:42:17.253495Z","trade_id":840177583,"type":"match"}
{"maker_order_id":"8d93882e-a211-4732-8378-99d6bb7f0ef8","price":"103496.84","product_id":"BTC-USD","sequence":107487463034,"side":"sell","size":"0.02050304","taker_order_id":"e963522a-45fc-489f-b250-9c5a43f69a36","time":"2025-06-21T15:42:17.305074Z","trade_id":840177584,"type":"match"}
{"maker_order_id":"10d76749-4623-4f03-a7ba-b3384214ddf5","price":"103504.55","product_id":"BTC-USD","sequence":107487463036,"side":"sell","size":"0.00146208","taker_order_id":"e963522a-45fc-489f-b250-9c5a43f69a36","time":"2025-06-21T15:42:17.305074Z","trade_id":840177585,"type":"match"}
{"maker_order_id":"33b91834-cb17-4e8b-9900-7eba633dcb13","price":"103504.62","product_id":"BTC-USD","sequence":107487463571,"side":"sell","size":"0.00114556","taker_order_id":"7f7447a8-cd68-40ae-b89e-565d79cda3a8","time":"2025-06-21T15:42:18.002779Z","trade_id":840177586,"type":"match"}
{"maker_order_id":"dc9855fa-cb9e-4045-a22e-dd7608b62ac1","price":"103507.14","product_id":"BTC-USD","sequence":107487463879,"side":"sell","size":"0.00022006","taker_order_id":"c9813839-87ab-46c6-8a2c-2a871cf329ec","time":"2025-06-21T15:42:18.997808Z","trade_id":840177587,"type":"match"}
{"maker_order_id":"dc9855fa-cb9e-4045-a22e-dd7608b62ac1","price":"103507.14","product_id":"BTC-USD","sequence":107487463904,"side":"sell","size":"0.00003835","taker_order_id":"2523efcd-4358-4af9-962d-0899f70a9d55","time":"2025-06-21T15:42:19.172974Z","trade_id":840177588,"type":"match"}
{"maker_order_id":"dc9855fa-cb9e-4045-a22e-dd7608b62ac1","price":"103507.14","product_id":"BTC-USD","sequence":107487464001,"side":"sell","size":"0.00038984","taker_order_id":"f9eed54e-6137-4794-ac30-b7784139e6da","time":"2025-06-21T15:42:19.691215Z","trade_id":840177589,"type":"match"}
{"maker_order_id":"dc9855fa-cb9e-4045-a22e-dd7608b62ac1","price":"103507.14","product_id":"BTC-USD","sequence":107487464417,"side":"sell","size":"0.00038259","taker_order_id":"7d26d92d-40e9-4de9-9d0b-bdae036992a3","time":"2025-06-21T15:42:22.265500Z","trade_id":840177590,"type":"match"}
{"maker_order_id":"13c0b2d5-56e7-4055-a812-4e28a572081b","price":"103507.13","product_id":"BTC-USD","sequence":107487464442,"side":"buy","size":"0.00000242","taker_order_id":"0b62f1ff-f56b-4713-964b-a97bb63b97dc","time":"2025-06-21T15:42:22.347647Z","trade_id":840177591,"type":"match"}
{"maker_order_id":"81f69ad1-faa1-427e-aa50-0b8f9b5667fd","price":"103507.14","product_id":"BTC-USD","sequence":107487464696,"side":"sell","size":"0.00006791","taker_order_id":"aa423d9f-24b3-4fb4-8d7d-5779f8b72a68","time":"2025-06-21T15:42:22.965144Z","trade_id":840177592,"type":"match"}
{"maker_order_id":"d1c7f90b-0f03-4f1e-a431-8c81a408388c","price":"103507.14","product_id":"BTC-USD","sequence":107487464698,"side":"sell","size":"0.00024775","taker_order_id":"aa423d9f-24b3-4fb4-8d7d-5779f8b72a68","time":"2025-06-21T15:42:22.965144Z","trade_id":840177593,"type":"match"}
{"maker_order_id":"d1c7f90b-0f03-4f1e-a431-8c81a408388c","price":"103507.14","product_id":"BTC-USD","sequence":107487464729,"side":"sell","size":"0.00095904","taker_order_id":"a1254136-c388-4fc3-b8a3-8715782229dd","time":"2025-06-21T15:42:23.188370Z","trade_id":840177594,"type":"match"}
{"maker_order_id":"e963522a-45fc-489f-b250-9c5a43f69a36","price":"103507.13","product_id":"BTC-USD","sequence":107487464780,"side":"buy","size":"0.000145","taker_order_id":"6f12773d-b04d-432a-8882-50fd93f9b736","time":"2025-06-21T15:42:23.365370Z","trade_id":840177595,"type":"match"}
{"maker_order_id":"e963522a-45fc-489f-b250-9c5a43f69a36","price":"103507.13","product_id":"BTC-USD","sequence":107487464837,"side":"buy","size":"0.00683044","taker_order_id":"5299bae8-4a35-4a04-ab02-0820318aa0f8","time":"2025-06-21T15:42:23.594729Z","trade_id":840177596,"type":"match"}
{"maker_order_id":"8e3b1ce6-0114-42a7-a7ee-39341cb4e906","price":"103507.14","product_id":"BTC-USD","sequence":107487464857,"side":"sell","size":"0.00000521","taker_order_id":"7dd5dd76-4430-4d40-a38a-87b2c8e95cf8","time":"2025-06-21T15:42:23.843008Z","trade_id":840177597,"type":"match"}
{"maker_order_id":"4fc69971-88aa-463d-b7ca-67c76cc366a2","price":"103507.14","product_id":"BTC-USD","sequence":107487464859,"side":"sell","size":"0.00206015","taker_order_id":"7dd5dd76-4430-4d40-a38a-87b2c8e95cf8","time":"2025-06-21T15:42:23.843008Z","trade_id":840177598,"type":"match"}
{"maker_order_id":"cf7edfbf-561e-4bd3-add1-da23cde937be","price":"103507.16","product_id":"BTC-USD","sequence":107487464970,"side":"sell","size":"0.00622212","taker_order_id":"8e32b8ae-87ab-495c-90b7-2ce0398ba0df","time":"2025-06-21T15:42:24.139478Z","trade_id":840177599,"type":"match"}
{"maker_order_id":"cf7edfbf-561e-4bd3-add1-da23cde937be","price":"103507.16","product_id":"BTC-USD","sequence":107487465382,"side":"sell","size":"0.00000062","taker_order_id":"e50f4529-8ddf-4bf9-834c-e5dbf7615f9e","time":"2025-06-21T15:42:25.087053Z","trade_id":840177600,"type":"match"}
{"maker_order_id":"cf7edfbf-561e-4bd3-add1-da23cde937be","price":"103507.16","product_id":"BTC-USD","sequence":107487465626,"side":"sell","size":"0.0017","taker_order_id":"537e7ef9-573e-4427-80d3-bdd90ce02468","time":"2025-06-21T15:42:25.350234Z","trade_id":840177601,"type":"match"}
{"maker_order_id":"cf7edfbf-561e-4bd3-add1-da23cde937be","price":"103507.16","product_id":"BTC-USD","sequence":107487465677,"side":"sell","size":"0.00045818","taker_order_id":"41cd2fd8-4461-48b9-88df-f944505b2c5b","time":"2025-06-21T15:42:25.429070Z","trade_id":840177602,"type":"match"}
{"maker_order_id":"cf7edfbf-561e-4bd3-add1-da23cde937be","price":"103507.16","product_id":"BTC-USD","sequence":107487465809,"side":"sell","size":"0.00000061","taker_order_id":"e87f7f5d-5243-4f6b-8286-c33c53d2e7e8","time":"2025-06-21T15:42:25.728744Z","trade_id":840177603,"type":"match"}
{"maker_order_id":"cf7edfbf-561e-4bd3-add1-da23cde937be","price":"103507.16","product_id":"BTC-USD","sequence":107487465967,"side":"sell","size":"0.00002745","taker_order_id":"b3ab2b62-c54a-4c31-8b0e-28e2a3afa26b","time":"2025-06-21T15:42:26.064310Z","trade_id":840177604,"type":"match"}
{"maker_order_id":"e6e3df44-3091-4744-b07c-9ad11beb051c","price":"103507.15","product_id":"BTC-USD","sequence":107487466282,"side":"buy","size":"0.00000018","taker_order_id":"0852550b-862b-4af5-8500-6ff59b392080","time":"2025-06-21T15:42:26.643565Z","trade_id":840177605,"type":"match"}
{"maker_order_id":"e6e3df44-3091-4744-b07c-9ad11beb051c","price":"103507.15","product_id":"BTC-USD","sequence":107487466506,"side":"buy","size":"0.00000017","taker_order_id":"18c115d7-f3ad-4b1d-9f78-10e47d0e21e6","time":"2025-06-21T15:42:27.162637Z","trade_id":840177606,"type":"match"}
{"maker_order_id":"cf7edfbf-561e-4bd3-add1-da23cde937be","price":"103507.16","product_id":"BTC-USD","sequence":107487466567,"side":"sell","size":"0.00885391","taker_order_id":"be8463e7-7294-4b43-a1d2-646568b4866d","time":"2025-06-21T15:42:27.229259Z","trade_id":840177607,"type":"match"}
