{"maker_order_id":"ca92f879-be53-48f4-8a2b-93568143c67a","price":"104491.72","product_id":"BTC-USD","sequence":107417372148,"side":"buy","size":"0.00000067","taker_order_id":"ebd6472e-0336-41ff-8fd7-649b3daadc8a","time":"2025-06-20T05:39:29.819549Z","trade_id":839699252,"type":"match"}
{"maker_order_id":"5fa86982-1c22-4405-a889-1ddb0a0311c5","price":"104491.73","product_id":"BTC-USD","sequence":107417372217,"side":"sell","size":"0.00004737","taker_order_id":"d18e2a9d-5e8b-49b2-a17a-1b622584d055","time":"2025-06-20T05:39:30.004558Z","trade_id":839699253,"type":"match"}
{"maker_order_id":"5fb54d08-72cd-49b4-aa84-9ee51550095e","price":"104491.72","product_id":"BTC-USD","sequence":107417372272,"side":"buy","size":"0.0047362","taker_order_id":"6d8294fe-30a1-41d4-a612-8f76711026de","time":"2025-06-20T05:39:30.470676Z","trade_id":839699254,"type":"match"}
{"maker_order_id":"20bdf730-e8af-45ee-b485-1fb3531ac8cf","price":"104497","product_id":"BTC-USD","sequence":107417372540,"side":"buy","size":"0.00000067","taker_order_id":"92600cc6-e525-48f4-9aa4-cb3b0065772f","time":"2025-06-20T05:39:30.703501Z","trade_id":839699255,"type":"match"}
{"maker_order_id":"175e189d-69fd-4b12-8a51-3fbef08fe6ee","price":"104497.01","product_id":"BTC-USD","sequence":107417372621,"side":"sell","size":"0.00004775","taker_order_id":"dfaa1737-9755-4f06-9735-f3679bd108bd","time":"2025-06-20T05:39:30.798061Z","trade_id":839699256,"type":"match"}
{"maker_order_id":"9e83d13d-ab0d-4a5f-911c-958d719da698","price":"104497.01","product_id":"BTC-USD","sequence":107417372623,"side":"sell","size":"0.00017499","taker_order_id":"dfaa1737-9755-4f06-9735-f3679bd108bd","time":"2025-06-20T05:39:30.798061Z","trade_id":839699257,"type":"match"}
{"maker_order_id":"0b7c80ba-ac86-4cb7-bc7b-b470d541480b","price":"104498.06","product_id":"BTC-USD","sequence":107417372757,"side":"sell","size":"0.00019413","taker_order_id":"3df6a7df-fe07-4b3b-a728-4f4d52cec938","time":"2025-06-20T05:39:30.913460Z","trade_id":839699258,"type":"match"}
{"maker_order_id":"35ed94dc-2799-425b-b31d-772d46e06b19","price":"104498.07","product_id":"BTC-USD","sequence":107417372759,"side":"sell","size":"0.00008029","taker_order_id":"3df6a7df-fe07-4b3b-a728-4f4d52cec938","time":"2025-06-20T05:39:30.913460Z","trade_id":839699259,"type":"match"}
{"maker_order_id":"e2d2b9dd-22ef-44ec-a801-7f8afc9dcd0f","price":"104493.73","product_id":"BTC-USD","sequence":107417372938,"side":"buy","size":"0.00000067","taker_order_id":"ed10617a-73ff-4c56-9b78-8d8f75433c74","time":"2025-06-20T05:39:31.655329Z","trade_id":839699260,"type":"match"}
{"maker_order_id":"b732645a-88e3-40de-b186-6e5891c9cb38","price":"104493.77","product_id":"BTC-USD","sequence":107417373064,"side":"sell","size":"0.00016106","taker_order_id":"8aa772a4-5f09-42f4-821d-3d3b1c906bd1","time":"2025-06-20T05:39:31.826889Z","trade_id":839699261,"type":"match"}
{"maker_order_id":"0839f358-67d8-4c9f-b980-1dab4e907177","price":"104493.76","product_id":"BTC-USD","sequence":107417373301,"side":"buy","size":"0.00095342","taker_order_id":"b3dff4f5-e21d-45a1-a87d-9bfc7e043266","time":"2025-06-20T05:39:32.320388Z","trade_id":839699262,"type":"match"}
{"maker_order_id":"7308cf9f-22f6-4621-8a1e-89d05bc9ccf3","price":"104493.76","product_id":"BTC-USD","sequence":107417373303,"side":"buy","size":"0.01","taker_order_id":"b3dff4f5-e21d-45a1-a87d-9bfc7e043266","time":"2025-06-20T05:39:32.320388Z","trade_id":839699263,"type":"match"}
{"maker_order_id":"23712bac-6669-4fce-b649-6e6b34772302","price":"104493.76","product_id":"BTC-USD","sequence":107417373305,"side":"buy","size":"0.00191374","taker_order_id":"b3dff4f5-e21d-45a1-a87d-9bfc7e043266","time":"2025-06-20T05:39:32.320388Z","trade_id":839699264,"type":"match"}
{"maker_order_id":"753f1e7c-3f58-4638-a0c8-6cedcee0c49c","price":"104493.74","product_id":"BTC-USD","sequence":107417373307,"side":"buy","size":"0.0018204","taker_order_id":"b3dff4f5-e21d-45a1-a87d-9bfc7e043266","time":"2025-06-20T05:39:32.320388Z","trade_id":839699265,"type":"match"}
{"maker_order_id":"753f1e7c-3f58-4638-a0c8-6cedcee0c49c","price":"104493.74","product_id":"BTC-USD","sequence":107417373312,"side":"buy","size":"0.02604384","taker_order_id":"8bce7adf-73dc-41a1-b98b-cf1a0f550d72","time":"2025-06-20T05:39:32.321858Z","trade_id":839699266,"type":"match"}
{"maker_order_id":"753f1e7c-3f58-4638-a0c8-6cedcee0c49c","price":"104493.74","product_id":"BTC-USD","sequence":107417373315,"side":"buy","size":"0.02878699","taker_order_id":"68a6c60a-abf8-47f9-97f5-8b160815da92","time":"2025-06-20T05:39:32.321989Z","trade_id":839699267,"type":"match"}
{"maker_order_id":"753f1e7c-3f58-4638-a0c8-6cedcee0c49c","price":"104493.74","product_id":"BTC-USD","sequence":107417373361,"side":"buy","size":"0.13474109","taker_order_id":"36280500-f1ff-4625-b023-7c42a00fc5a8","time":"2025-06-20T05:39:32.326847Z","trade_id":839699268,"type":"match"}
{"maker_order_id":"d800a5eb-bd46-4479-968b-ccb208c2d2ca","price":"104493.72","product_id":"BTC-USD","sequence":107417373363,"side":"buy","size":"0.01159012","taker_order_id":"36280500-f1ff-4625-b023-7c42a00fc5a8","time":"2025-06-20T05:39:32.326847Z","trade_id":839699269,"type":"match"}
{"maker_order_id":"427cb214-a3c0-4ff3-a742-6c46147b31dd","price":"104491.71","product_id":"BTC-USD","sequence":107417373407,"side":"buy","size":"0.00000047","taker_order_id":"4f693512-4c5a-49c7-afcd-d6c4d67d5c02","time":"2025-06-20T05:39:32.330405Z","trade_id":839699270,"type":"match"}
{"maker_order_id":"4ff3c898-66a3-4db5-b7c2-216f90203334","price":"104491.52","product_id":"BTC-USD","sequence":107417373814,"side":"buy","size":"0.00000067","taker_order_id":"fc4ad15c-ab06-4402-9114-f8b18aa98670","time":"2025-06-20T05:39:32.446061Z","trade_id":839699271,"type":"match"}
{"maker_order_id":"4ff3c898-66a3-4db5-b7c2-216f90203334","price":"104491.52","product_id":"BTC-USD","sequence":107417374369,"side":"buy","size":"0.00000067","taker_order_id":"4e8cda32-25ce-4da2-82c1-e96d7c27e73f","time":"2025-06-20T05:39:33.414591Z","trade_id":839699272,"type":"match"}
{"maker_order_id":"4ff3c898-66a3-4db5-b7c2-216f90203334","price":"104491.52","product_id":"BTC-USD","sequence":107417374622,"side":"buy","size":"0.00000067","taker_order_id":"1d8872e3-545c-44b4-b5cd-82be9e085932","time":"2025-06-20T05:39:34.424552Z","trade_id":839699273,"type":"match"}
{"maker_order_id":"649da548-4160-4565-ac2b-e699625bf0a0","price":"104491.53","product_id":"BTC-USD","sequence":107417374969,"side":"sell","size":"0.00581754","taker_order_id":"09c2fd10-59bc-440a-917d-749f2ca8ec8c","time":"2025-06-20T05:39:35.189036Z","trade_id":839699274,"type":"match"}
{"maker_order_id":"4ff3c898-66a3-4db5-b7c2-216f90203334","price":"104491.52","product_id":"BTC-USD","sequence":107417375033,"side":"buy","size":"0.00000899","taker_order_id":"04d4f9bd-cf09-4bc6-b326-4ae071d67663","time":"2025-06-20T05:39:35.207534Z","trade_id":839699275,"type":"match"}
{"maker_order_id":"2989d2fe-2782-4c39-b741-f7fbc09f912b","price":"104484.66","product_id":"BTC-USD","sequence":107417375035,"side":"buy","size":"0.02100535","taker_order_id":"04d4f9bd-cf09-4bc6-b326-4ae071d67663","time":"2025-06-20T05:39:35.207534Z","trade_id":839699276,"type":"match"}
{"maker_order_id":"94b38579-7555-449a-98e3-b0e34dc763f8","price":"104488.15","product_id":"BTC-USD","sequence":107417375368,"side":"buy","size":"0.00000067","taker_order_id":"9c0f7cce-d3e9-4611-80b6-895658b79b4c","time":"2025-06-20T05:39:35.503897Z","trade_id":839699277,"type":"match"}
{"maker_order_id":"15a9e543-ccec-4d12-a95c-d748249c3f6a","price":"104492.99","product_id":"BTC-USD","sequence":107417375613,"side":"sell","size":"0.00095342","taker_order_id":"da3b14a8-3521-4da8-bc0a-a1fb7bfeba60","time":"2025-06-20T05:39:35.638807Z","trade_id":839699278,"type":"match"}
{"maker_order_id":"325c975d-5920-4a53-b43a-748e2cf488aa","price":"104493","product_id":"BTC-USD","sequence":107417375615,"side":"sell","size":"0.00094147","taker_order_id":"da3b14a8-3521-4da8-bc0a-a1fb7bfeba60","time":"2025-06-20T05:39:35.638807Z","trade_id":839699279,"type":"match"}
{"maker_order_id":"06581d0a-0b42-4897-b3c8-c50169709afc","price":"104492.54","product_id":"BTC-USD","sequence":107417375850,"side":"sell","size":"0.00004633","taker_order_id":"82ee06ef-b229-46ee-89e0-b8e2fc7f8775","time":"2025-06-20T05:39:35.773154Z","trade_id":839699280,"type":"match"}
{"maker_order_id":"74cfb365-d0fb-42d5-813b-105f2a760301","price":"104488.18","product_id":"BTC-USD","sequence":107417376145,"side":"buy","size":"0.00000067","taker_order_id":"9a8735b8-5138-4da9-ba0d-be91c3c2b8fb","time":"2025-06-20T05:39:36.371910Z","trade_id":839699281,"type":"match"}
{"maker_order_id":"c55a9101-7b83-49e5-8707-2000cfca0c2d","price":"104489.36","product_id":"BTC-USD","sequence":107417376820,"side":"sell","size":"0.00002852","taker_order_id":"6b6bb369-af82-4d14-b0e9-6d3401de8cbe","time":"2025-06-20T05:39:37.054753Z","trade_id":839699282,"type":"match"}
{"maker_order_id":"c5cd6b52-eb31-4257-9e28-1ff2b3e19a32","price":"104487.23","product_id":"BTC-USD","sequence":107417376856,"side":"buy","size":"0.00000067","taker_order_id":"d822482b-e2dd-44bb-b97e-3556a2683113","time":"2025-06-20T05:39:37.329708Z","trade_id":839699283,"type":"match"}
{"maker_order_id":"4c1f5086-0a4e-47fd-adde-26b776c6e162","price":"104487.32","product_id":"BTC-USD","sequence":107417377057,"side":"sell","size":"0.00014211","taker_order_id":"8096f454-cb41-4f5d-923c-f974095d5192","time":"2025-06-20T05:39:37.783231Z","trade_id":839699284,"type":"match"}
{"maker_order_id":"4c1f5086-0a4e-47fd-adde-26b776c6e162","price":"104487.31","product_id":"BTC-USD","sequence":107417377155,"side":"sell","size":"0.00047372","taker_order_id":"547af5fd-e38d-41dd-94b1-e850dd497fd3","time":"2025-06-20T05:39:38.224032Z","trade_id":839699285,"type":"match"}
{"maker_order_id":"76f0e96b-7c80-4656-8c13-201eeb731c61","price":"104487.32","product_id":"BTC-USD","sequence":107417377163,"side":"sell","size":"0.00010905","taker_order_id":"e8efd2dd-e2da-4299-8faa-d6ec8f9a3d44","time":"2025-06-20T05:39:38.322072Z","trade_id":839699286,"type":"match"}
{"maker_order_id":"077457b0-ff48-472d-8b86-369cb43aa251","price":"104487.3","product_id":"BTC-USD","sequence":107417377186,"side":"buy","size":"0.00000067","taker_order_id":"c877ea6a-9632-4e34-8be5-f007e4f79c02","time":"2025-06-20T05:39:38.394484Z","trade_id":839699287,"type":"match"}
{"maker_order_id":"00f00f14-0d9a-4b93-aff8-1f7528a432b3","price":"104487.17","product_id":"BTC-USD","sequence":107417378109,"side":"sell","size":"0.00025961","taker_order_id":"e2ee5dc4-e338-47da-acef-1270e42e1229","time":"2025-06-20T05:39:39.499049Z","trade_id":839699288,"type":"match"}
{"maker_order_id":"a887cae7-4d14-4885-aaa2-65e06da37d21","price":"104486.73","product_id":"BTC-USD","sequence":107417378113,"side":"buy","size":"0.00000067","taker_order_id":"5932d820-c09e-41cc-a096-1877ccecaf18","time":"2025-06-20T05:39:39.503303Z","trade_id":839699289,"type":"match"}
{"maker_order_id":"d9879874-8004-4d81-9e2c-cb816f09021b","price":"104488.15","product_id":"BTC-USD","sequence":107417378515,"side":"sell","size":"0.00319","taker_order_id":"21fdf71c-128f-4bc8-b7a3-a4e65b6355a5","time":"2025-06-20T05:39:39.859998Z","trade_id":839699290,"type":"match"}
{"maker_order_id":"f3c0facd-bc3a-4419-b07a-a219c6dfdd58","price":"104489.19","product_id":"BTC-USD","sequence":107417378847,"side":"sell","size":"0.00023686","taker_order_id":"0d3da96c-bb7a-4af7-94b6-6e3f6b29ee23","time":"2025-06-20T05:39:40.076342Z","trade_id":839699291,"type":"match"}
{"maker_order_id":"42ee2af6-1ee6-47ea-b709-b4ccd02ca436","price":"104488.89","product_id":"BTC-USD","sequence":107417379280,"side":"buy","size":"0.00000067","taker_order_id":"a6022466-958b-41e4-9e91-959b4276012c","time":"2025-06-20T05:39:40.412527Z","trade_id":839699292,"type":"match"}
{"maker_order_id":"27417365-4961-4490-a8a8-ee915b002329","price":"104488.52","product_id":"BTC-USD","sequence":107417379552,"side":"buy","size":"0.00000067","taker_order_id":"b09a0409-44fc-436e-8821-2436c8348f21","time":"2025-06-20T05:39:41.322109Z","trade_id":839699293,"type":"match"}
{"maker_order_id":"e3a64e1b-2710-47ff-bd03-897e232cd25a","price":"104488.51","product_id":"BTC-USD","sequence":107417379874,"side":"sell","size":"0.00005902","taker_order_id":"07af7b77-821f-4252-934d-d695b8e60dd8","time":"2025-06-20T05:39:41.874195Z","trade_id":839699294,"type":"match"}
{"maker_order_id":"866909f1-2101-4979-8689-dfd95a30ccc6","price":"104488.51","product_id":"BTC-USD","sequence":107417379958,"side":"sell","size":"0.00465005","taker_order_id":"194cd57a-ac77-4393-bc24-7a22ace19fa5","time":"2025-06-20T05:39:42.046292Z","trade_id":839699295,"type":"match"}
{"maker_order_id":"68d6a76f-5d0f-459a-a82c-13f621402d40","price":"104488.51","product_id":"BTC-USD","sequence":107417380033,"side":"buy","size":"0.00000067","taker_order_id":"cb18af22-c265-4d9b-9d72-d155273aa74d","time":"2025-06-20T05:39:42.195693Z","trade_id":839699296,"type":"match"}
{"maker_order_id":"f0d9f6c4-a511-41ed-b9c2-e55330a28e42","price":"104488.52","product_id":"BTC-USD","sequence":107417380298,"side":"sell","size":"0.00047345","taker_order_id":"2f0ce752-0895-453b-a568-a18505524283","time":"2025-06-20T05:39:43.060110Z","trade_id":839699297,"type":"match"}
{"maker_order_id":"eca71326-a6f7-4843-a91e-47e0ce468b91","price":"104488.61","product_id":"BTC-USD","sequence":107417380316,"side":"sell","size":"0.00000019","taker_order_id":"0f3064c0-a908-410a-b0da-7a5be6709dc7","time":"2025-06-20T05:39:43.077706Z","trade_id":839699298,"type":"match"}
{"maker_order_id":"eca71326-a6f7-4843-a91e-47e0ce468b91","price":"104488.61","product_id":"BTC-USD","sequence":107417380323,"side":"sell","size":"0.00000009","taker_order_id":"e16af424-06de-44f5-bc65-bbbe071bf906","time":"2025-06-20T05:39:43.096430Z","trade_id":839699299,"type":"match"}
{"maker_order_id":"ff670871-d0d9-4a74-8f5b-5da5812a7f02","price":"104488.51","product_id":"BTC-USD","sequence":107417380335,"side":"buy","size":"0.00000067","taker_order_id":"81ac197a-9bd5-4787-9344-96e349e2157a","time":"2025-06-20T05:39:43.180681Z","trade_id":839699300,"type":"match"}
{"maker_order_id":"bc8f505c-2c3b-4d5c-b108-8a281ebdf64a","price":"104488.85","product_id":"BTC-USD","sequence":107417381011,"side":"sell","size":"0.0001","taker_order_id":"26cd4239-ef93-4321-a2f9-a7843949e2cd","time":"2025-06-20T05:39:43.913151Z","trade_id":839699301,"type":"match"}
{"maker_order_id":"a51fa6a2-eddc-48a9-9b97-e851b4c4300b","price":"104488.84","product_id":"BTC-USD","sequence":107417381095,"side":"buy","size":"0.00000067","taker_order_id":"e66f6850-d9cc-47ea-9022-f762866e61f9","time":"2025-06-20T05:39:44.152785Z","trade_id":839699302,"type":"match"}
{"maker_order_id":"bc8f505c-2c3b-4d5c-b108-8a281ebdf64a","price":"104488.85","product_id":"BTC-USD","sequence":107417381173,"side":"sell","size":"0.00030146","taker_order_id":"ce626ab7-f5d2-47ed-b7ce-97886be45ee8","time":"2025-06-20T05:39:44.909860Z","trade_id":839699303,"type":"match"}
{"maker_order_id":"665d08b6-3880-4707-b534-68a29dd7b709","price":"104490.68","product_id":"BTC-USD","sequence":107417382613,"side":"sell","size":"0.0024962","taker_order_id":"c00f3f01-19af-44a6-a1b5-93517b59b40f","time":"2025-06-20T05:39:47.182140Z","trade_id":839699304,"type":"match"}
{"maker_order_id":"2f6d64b6-d5dc-4dee-b1b2-1bcc4eb3ed7c","price":"104490.63","product_id":"BTC-USD","sequence":107417383140,"side":"sell","size":"0.00062778","taker_order_id":"d56b73c2-e93e-4a34-9d54-b802bd1a641f","time":"2025-06-20T05:39:47.993183Z","trade_id":839699305,"type":"match"}
{"maker_order_id":"2f6d64b6-d5dc-4dee-b1b2-1bcc4eb3ed7c","price":"104490.63","product_id":"BTC-USD","sequence":107417383144,"side":"sell","size":"0.00894245","taker_order_id":"ecf64035-32f4-42db-a0ca-90612f137f2e","time":"2025-06-20T05:39:47.993513Z","trade_id":839699306,"type":"match"}
{"maker_order_id":"5814cb7d-bc75-46ff-afe6-055f2a06163f","price":"104490.64","product_id":"BTC-USD","sequence":107417383146,"side":"sell","size":"0.00467322","taker_order_id":"ecf64035-32f4-42db-a0ca-90612f137f2e","time":"2025-06-20T05:39:47.993513Z","trade_id":839699307,"type":"match"}
{"maker_order_id":"6dd7abf3-6d46-4449-917f-00af17f4cf3f","price":"104489.22","product_id":"BTC-USD","sequence":107417383464,"side":"buy","size":"0.00002767","taker_order_id":"aea4bdfc-566d-49ba-bf24-df4987aa0895","time":"2025-06-20T05:39:48.168984Z","trade_id":839699308,"type":"match"}
{"maker_order_id":"c6709d5b-5667-4c8e-a9a1-62cdda7939da","price":"104488.82","product_id":"BTC-USD","sequence":107417383466,"side":"buy","size":"0.00005893","taker_order_id":"aea4bdfc-566d-49ba-bf24-df4987aa0895","time":"2025-06-20T05:39:48.168984Z","trade_id":839699309,"type":"match"}
{"maker_order_id":"471979aa-5b4d-40dd-8a58-539aaa64819d","price":"104488.84","product_id":"BTC-USD","sequence":107417384295,"side":"sell","size":"0.00000945","taker_order_id":"26ab37e8-0feb-45be-9c82-9b559775f74e","time":"2025-06-20T05:39:49.037506Z","trade_id":839699310,"type":"match"}
{"maker_order_id":"18452049-d052-41e1-819f-6a1eec32745b","price":"104488.83","product_id":"BTC-USD","sequence":107417384828,"side":"sell","size":"0.00022275","taker_order_id":"6e991c54-3169-4b48-90c9-b73841489b68","time":"2025-06-20T05:39:51.656347Z","trade_id":839699311,"type":"match"}
{"maker_order_id":"859b35ae-daa9-4aac-8315-1abfef83ecc6","price":"104488.83","product_id":"BTC-USD","sequence":107417384893,"side":"sell","size":"0.00094747","taker_order_id":"5bf918b9-5585-47a3-8353-9d86c344de03","time":"2025-06-20T05:39:51.979068Z","trade_id":839699312,"type":"match"}
{"maker_order_id":"859b35ae-daa9-4aac-8315-1abfef83ecc6","price":"104488.83","product_id":"BTC-USD","sequence":107417385336,"side":"sell","size":"0.000128","taker_order_id":"771f04d5-0ac0-4de8-a842-158a44b90a70","time":"2025-06-20T05:39:53.234734Z","trade_id":839699313,"type":"match"}
{"maker_order_id":"174b6091-f490-403c-b35b-f211e8e38644","price":"104488.83","product_id":"BTC-USD","sequence":107417385472,"side":"sell","size":"0.00090773","taker_order_id":"1a40b090-1ce6-473f-84a5-527c707ddc87","time":"2025-06-20T05:39:53.489331Z","trade_id":839699314,"type":"match"}
{"maker_order_id":"174b6091-f490-403c-b35b-f211e8e38644","price":"104488.83","product_id":"BTC-USD","sequence":107417385640,"side":"sell","size":"0.00050215","taker_order_id":"188c97d0-47e6-40dc-aeb7-8dbc4b3af900","time":"2025-06-20T05:39:54.354559Z","trade_id":839699315,"type":"match"}
{"maker_order_id":"174b6091-f490-403c-b35b-f211e8e38644","price":"104488.83","product_id":"BTC-USD","sequence":107417386036,"side":"sell","size":"0.00008536","taker_order_id":"3066361b-ff22-42fc-bc8e-b295ee5678b5","time":"2025-06-20T05:39:55.855134Z","trade_id":839699316,"type":"match"}
{"maker_order_id":"174b6091-f490-403c-b35b-f211e8e38644","price":"104488.83","product_id":"BTC-USD","sequence":107417386071,"side":"sell","size":"0.00004061","taker_order_id":"95eab737-84b0-472c-93ee-1400da0484b7","time":"2025-06-20T05:39:55.985468Z","trade_id":839699317,"type":"match"}
{"maker_order_id":"c6709d5b-5667-4c8e-a9a1-62cdda7939da","price":"104488.82","product_id":"BTC-USD","sequence":107417386328,"side":"buy","size":"0.00948754","taker_order_id":"4549666f-2e66-4836-8f52-507b7fe78c34","time":"2025-06-20T05:39:57.458819Z","trade_id":839699318,"type":"match"}
{"maker_order_id":"a045fef2-08c7-4f27-9eff-1c9114ac4a33","price":"104486.64","product_id":"BTC-USD","sequence":107417386525,"side":"buy","size":"0.0000022","taker_order_id":"ceb371ea-12bf-4cc4-98a9-314a4ff7125b","time":"2025-06-20T05:39:57.528951Z","trade_id":839699319,"type":"match"}
{"maker_order_id":"683e61aa-639b-4525-86d5-5a9629082923","price":"104486.57","product_id":"BTC-USD","sequence":107417386527,"side":"buy","size":"0.04562085","taker_order_id":"ceb371ea-12bf-4cc4-98a9-314a4ff7125b","time":"2025-06-20T05:39:57.528951Z","trade_id":839699320,"type":"match"}
{"maker_order_id":"683e61aa-639b-4525-86d5-5a9629082923","price":"104486.57","product_id":"BTC-USD","sequence":107417386530,"side":"buy","size":"0.02866691","taker_order_id":"3811e9e3-0e00-4f31-bab9-49b902c9b1fe","time":"2025-06-20T05:39:57.529253Z","trade_id":839699321,"type":"match"}
{"maker_order_id":"683e61aa-639b-4525-86d5-5a9629082923","price":"104486.57","product_id":"BTC-USD","sequence":107417386567,"side":"buy","size":"0.05281131","taker_order_id":"66c19fcf-f1a6-41e5-8c0a-3c9753597100","time":"2025-06-20T05:39:57.536542Z","trade_id":839699322,"type":"match"}
{"maker_order_id":"683e61aa-639b-4525-86d5-5a9629082923","price":"104486.57","product_id":"BTC-USD","sequence":107417386623,"side":"buy","size":"0.09345081","taker_order_id":"addfe00b-2ff9-40f3-bce9-0d7931c1c4c1","time":"2025-06-20T05:39:57.549617Z","trade_id":839699323,"type":"match"}
{"maker_order_id":"683e61aa-639b-4525-86d5-5a9629082923","price":"104486.57","product_id":"BTC-USD","sequence":107417386626,"side":"buy","size":"0.00698968","taker_order_id":"cc7fe241-ecf9-47ea-9193-176ada6f7bed","time":"2025-06-20T05:39:57.549683Z","trade_id":839699324,"type":"match"}
{"maker_order_id":"683e61aa-639b-4525-86d5-5a9629082923","price":"104486.57","product_id":"BTC-USD","sequence":107417386631,"side":"buy","size":"0.03173758","taker_order_id":"3ced5a1e-fde1-41f9-aa89-69278674664d","time":"2025-06-20T05:39:57.552350Z","trade_id":839699325,"type":"match"}
{"maker_order_id":"683e61aa-639b-4525-86d5-5a9629082923","price":"104486.57","product_id":"BTC-USD","sequence":107417386638,"side":"buy","size":"0.04072286","taker_order_id":"c5f7b7fc-fad7-41ff-aae3-006778ddcea8","time":"2025-06-20T05:39:57.554256Z","trade_id":839699326,"type":"match"}
{"maker_order_id":"e0184918-1775-4f3d-bea5-9664b4c5d112","price":"104483.69","product_id":"BTC-USD","sequence":107417387150,"side":"sell","size":"0.00094747","taker_order_id":"ec57a744-4627-43ea-a910-0b0f9ac0e07e","time":"2025-06-20T05:39:58.489256Z","trade_id":839699327,"type":"match"}
{"maker_order_id":"7b4a3e2f-d97e-489a-ab92-cf4b189f6bc7","price":"104483.68","product_id":"BTC-USD","sequence":107417387350,"side":"buy","size":"0.000011","taker_order_id":"9036ee77-8b1b-4a7c-9b2f-c7356ae95a32","time":"2025-06-20T05:39:59.135693Z","trade_id":839699328,"type":"match"}
{"maker_order_id":"05e88494-c4a0-4c8e-b36e-0fcf67b1193d","price":"104483.68","product_id":"BTC-USD","sequence":107417387352,"side":"buy","size":"0.00000535","taker_order_id":"9036ee77-8b1b-4a7c-9b2f-c7356ae95a32","time":"2025-06-20T05:39:59.135693Z","trade_id":839699329,"type":"match"}
{"maker_order_id":"2f4b4011-985c-4e9f-b92a-cfe022590a50","price":"104481.08","product_id":"BTC-USD","sequence":107417387354,"side":"buy","size":"0.01448284","taker_order_id":"9036ee77-8b1b-4a7c-9b2f-c7356ae95a32","time":"2025-06-20T05:39:59.135693Z","trade_id":839699330,"type":"match"}
{"maker_order_id":"45223687-5662-4f0a-8a3d-60f355248988","price":"104481.11","product_id":"BTC-USD","sequence":107417387699,"side":"sell","size":"0.000128","taker_order_id":"f68beac4-cce3-4d5f-8a22-05c77201cb52","time":"2025-06-20T05:39:59.892144Z","trade_id":839699331,"type":"match"}
{"maker_order_id":"45223687-5662-4f0a-8a3d-60f355248988","price":"104481.11","product_id":"BTC-USD","sequence":107417388403,"side":"sell","size":"0.0081","taker_order_id":"61e94c5e-ab0b-447d-bcb3-4c8ae8f79787","time":"2025-06-20T05:40:00.571089Z","trade_id":839699332,"type":"match"}
{"maker_order_id":"45223687-5662-4f0a-8a3d-60f355248988","price":"104481.11","product_id":"BTC-USD","sequence":107417388606,"side":"sell","size":"0.00085272","taker_order_id":"1648505a-75e9-458e-931c-2fd818085986","time":"2025-06-20T05:40:01.178739Z","trade_id":839699333,"type":"match"}
{"maker_order_id":"f9def88c-0875-4e8f-8678-89646049d11c","price":"104481.1","product_id":"BTC-USD","sequence":107417390673,"side":"buy","size":"0.00000038","taker_order_id":"bffb0b13-e5e4-41c0-b5fa-548b108f4bfc","time":"2025-06-20T05:40:09.504157Z","trade_id":839699334,"type":"match"}
{"maker_order_id":"37bfa443-bf41-4048-a19a-ff0352132966","price":"104481.1","product_id":"BTC-USD","sequence":107417390675,"side":"buy","size":"0.00717773","taker_order_id":"bffb0b13-e5e4-41c0-b5fa-548b108f4bfc","time":"2025-06-20T05:40:09.504157Z","trade_id":839699335,"type":"match"}
{"maker_order_id":"2f6487fd-e6d5-4bc7-8b4d-9fa364a04b05","price":"104481.11","product_id":"BTC-USD","sequence":107417390733,"side":"sell","size":"0.0003079","taker_order_id":"82d80ee3-ede0-4bb3-bd66-55242afbe83e","time":"2025-06-20T05:40:09.683663Z","trade_id":839699336,"type":"match"}
{"maker_order_id":"2f6487fd-e6d5-4bc7-8b4d-9fa364a04b05","price":"104481.11","product_id":"BTC-USD","sequence":107417390769,"side":"sell","size":"0.003","taker_order_id":"e3f24cdd-fed4-4cbd-9a39-100f599a1c28","time":"2025-06-20T05:40:09.801644Z","trade_id":839699337,"type":"match"}
{"maker_order_id":"2f6487fd-e6d5-4bc7-8b4d-9fa364a04b05","price":"104481.11","product_id":"BTC-USD","sequence":107417390912,"side":"sell","size":"0.00189494","taker_order_id":"2fac0b1c-8c9d-42bf-b2f4-1398f5fb1779","time":"2025-06-20T05:40:10.087088Z","trade_id":839699338,"type":"match"}
{"maker_order_id":"2f6487fd-e6d5-4bc7-8b4d-9fa364a04b05","price":"104481.11","product_id":"BTC-USD","sequence":107417391296,"side":"sell","size":"0.00026539","taker_order_id":"b2d466bc-6156-4e99-8419-81426413ca03","time":"2025-06-20T05:40:11.363635Z","trade_id":839699339,"type":"match"}
{"maker_order_id":"2f6487fd-e6d5-4bc7-8b4d-9fa364a04b05","price":"104481.11","product_id":"BTC-USD","sequence":107417391501,"side":"sell","size":"0.00008537","taker_order_id":"23cb5060-9f2e-4a39-8717-88fa9eeadbcc","time":"2025-06-20T05:40:12.017078Z","trade_id":839699340,"type":"match"}
{"maker_order_id":"2f6487fd-e6d5-4bc7-8b4d-9fa364a04b05","price":"104481.11","product_id":"BTC-USD","sequence":107417391870,"side":"sell","size":"0.00026294","taker_order_id":"aadd514a-d677-4e58-88ab-cfad7b04ce79","time":"2025-06-20T05:40:13.050966Z","trade_id":839699341,"type":"match"}
{"maker_order_id":"2f6487fd-e6d5-4bc7-8b4d-9fa364a04b05","price":"104481.11","product_id":"BTC-USD","sequence":107417391873,"side":"sell","size":"0.00045384","taker_order_id":"dcc53658-be03-41a3-839a-da52b4d2d482","time":"2025-06-20T05:40:13.095001Z","trade_id":839699342,"type":"match"}
{"maker_order_id":"37bfa443-bf41-4048-a19a-ff0352132966","price":"104481.1","product_id":"BTC-USD","sequence":107417393233,"side":"buy","size":"0.00139526","taker_order_id":"f2ad79af-87e2-4949-b942-67b365e72339","time":"2025-06-20T05:40:19.732255Z","trade_id":839699343,"type":"match"}
{"maker_order_id":"18ae67be-669d-4044-b3ed-137b46859191","price":"104481.1","product_id":"BTC-USD","sequence":107417393235,"side":"buy","size":"0.00005476","taker_order_id":"f2ad79af-87e2-4949-b942-67b365e72339","time":"2025-06-20T05:40:19.732255Z","trade_id":839699344,"type":"match"}
{"maker_order_id":"2f6487fd-e6d5-4bc7-8b4d-9fa364a04b05","price":"104481.11","product_id":"BTC-USD","sequence":107417393706,"side":"sell","size":"0.0035528","taker_order_id":"ecd6e595-dc0c-41b8-bdab-ed7aaa163b26","time":"2025-06-20T05:40:23.072083Z","trade_id":839699345,"type":"match"}
{"maker_order_id":"18ae67be-669d-4044-b3ed-137b46859191","price":"104481.1","product_id":"BTC-USD","sequence":107417393951,"side":"buy","size":"0.00121288","taker_order_id":"7809d691-46b5-46ed-9fec-fa8b0d93ba42","time":"2025-06-20T05:40:24.541328Z","trade_id":839699346,"type":"match"}
{"maker_order_id":"ce31a838-a840-4016-86a3-55fed13a99ca","price":"104481.1","product_id":"BTC-USD","sequence":107417393953,"side":"buy","size":"0.0000249","taker_order_id":"7809d691-46b5-46ed-9fec-fa8b0d93ba42","time":"2025-06-20T05:40:24.541328Z","trade_id":839699347,"type":"match"}
{"maker_order_id":"1562eef4-85ee-4acb-b48a-879a13925d00","price":"104481.1","product_id":"BTC-USD","sequence":107417393955,"side":"buy","size":"0.0000022","taker_order_id":"7809d691-46b5-46ed-9fec-fa8b0d93ba42","time":"2025-06-20T05:40:24.541328Z","trade_id":839699348,"type":"match"}
{"maker_order_id":"3c2d7f78-dd58-40e1-b6e8-ac138308a145","price":"104477.73","product_id":"BTC-USD","sequence":107417394097,"side":"buy","size":"0.139779","taker_order_id":"8a7ad278-e9a6-4757-bc70-e1406dc1cfd4","time":"2025-06-20T05:40:24.553575Z","trade_id":839699349,"type":"match"}
{"maker_order_id":"3c2d7f78-dd58-40e1-b6e8-ac138308a145","price":"104477.73","product_id":"BTC-USD","sequence":107417394117,"side":"buy","size":"0.03234393","taker_order_id":"63f5d73c-e299-4c53-b1c1-f78ed9ba8647","time":"2025-06-20T05:40:24.554854Z","trade_id":839699350,"type":"match"}
{"maker_order_id":"3c2d7f78-dd58-40e1-b6e8-ac138308a145","price":"104477.73","product_id":"BTC-USD","sequence":107417394124,"side":"buy","size":"0.01791854","taker_order_id":"78abb318-686c-4d8a-ad22-589034adf510","time":"2025-06-20T05:40:24.555554Z","trade_id":839699351,"type":"match"}
{"maker_order_id":"3c2d7f78-dd58-40e1-b6e8-ac138308a145","price":"104477.73","product_id":"BTC-USD","sequence":107417394131,"side":"buy","size":"0.00505164","taker_order_id":"a8c834c7-87c7-4da3-9a0c-290ce43e5561","time":"2025-06-20T05:40:24.556549Z","trade_id":839699352,"type":"match"}
{"maker_order_id":"3c2d7f78-dd58-40e1-b6e8-ac138308a145","price":"104477.73","product_id":"BTC-USD","sequence":107417394144,"side":"buy","size":"0.01973651","taker_order_id":"16a684b0-b8ca-46f7-91e0-50136c6add79","time":"2025-06-20T05:40:24.558750Z","trade_id":839699353,"type":"match"}
{"maker_order_id":"c9bf44e9-13fe-480c-a6e0-ee0aee5812c8","price":"104477.74","product_id":"BTC-USD","sequence":107417394351,"side":"sell","size":"0.00045387","taker_order_id":"ef98f050-b2d2-4eef-80d6-8f67c822a590","time":"2025-06-20T05:40:24.651855Z","trade_id":839699354,"type":"match"}
{"maker_order_id":"3c2d7f78-dd58-40e1-b6e8-ac138308a145","price":"104477.73","product_id":"BTC-USD","sequence":107417394781,"side":"buy","size":"0.00030667","taker_order_id":"2c05310f-5ca2-49a9-833e-d7ab8dc1c6fb","time":"2025-06-20T05:40:25.524180Z","trade_id":839699355,"type":"match"}
{"maker_order_id":"f4df6944-8732-4f59-9ae3-90a724deeada","price":"104477.74","product_id":"BTC-USD","sequence":107417395455,"side":"sell","size":"0.00766668","taker_order_id":"d17c455b-ca43-474c-b1ae-9bfab92aeb64","time":"2025-06-20T05:40:29.164754Z","trade_id":839699356,"type":"match"}
{"maker_order_id":"3c2d7f78-dd58-40e1-b6e8-ac138308a145","price":"104477.73","product_id":"BTC-USD","sequence":107417395624,"side":"buy","size":"0.01163383","taker_order_id":"1441c684-0222-4a73-bede-7aabd4a13501","time":"2025-06-20T05:40:30.395686Z","trade_id":839699357,"type":"match"}
{"maker_order_id":"f4df6944-8732-4f59-9ae3-90a724deeada","price":"104477.74","product_id":"BTC-USD","sequence":107417395884,"side":"sell","size":"0.00024182","taker_order_id":"418bda18-bfe9-4c06-8970-c69908b01b15","time":"2025-06-20T05:40:31.395214Z","trade_id":839699358,"type":"match"}
{"maker_order_id":"67af7210-9e1f-4318-a4eb-48bb1c894abc","price":"104477.74","product_id":"BTC-USD","sequence":107417396419,"side":"sell","size":"0.00002774","taker_order_id":"00b2222a-4e6b-4922-9d4a-ad51d27c8870","time":"2025-06-20T05:40:32.617065Z","trade_id":839699359,"type":"match"}
{"maker_order_id":"67af7210-9e1f-4318-a4eb-48bb1c894abc","price":"104477.74","product_id":"BTC-USD","sequence":107417396452,"side":"sell","size":"0.0094757","taker_order_id":"1a82a50c-305f-4fe6-8ab1-7e1ef572291d","time":"2025-06-20T05:40:32.755397Z","trade_id":839699360,"type":"match"}
{"maker_order_id":"67af7210-9e1f-4318-a4eb-48bb1c894abc","price":"104477.74","product_id":"BTC-USD","sequence":107417396656,"side":"sell","size":"0.0001754","taker_order_id":"31ac85b4-a6cf-4739-bb86-7c22e8c56594","time":"2025-06-20T05:40:33.323815Z","trade_id":839699361,"type":"match"}
{"maker_order_id":"67af7210-9e1f-4318-a4eb-48bb1c894abc","price":"104477.74","product_id":"BTC-USD","sequence":107417396855,"side":"sell","size":"0.00047729","taker_order_id":"e2b9ff58-fc07-401d-be6d-e1ff644edb63","time":"2025-06-20T05:40:34.323575Z","trade_id":839699362,"type":"match"}
{"maker_order_id":"67af7210-9e1f-4318-a4eb-48bb1c894abc","price":"104477.74","product_id":"BTC-USD","sequence":107417396938,"side":"sell","size":"0.00004738","taker_order_id":"6147f70e-4e41-4426-893e-0482317d5159","time":"2025-06-20T05:40:34.790168Z","trade_id":839699363,"type":"match"}
{"maker_order_id":"67af7210-9e1f-4318-a4eb-48bb1c894abc","price":"104477.74","product_id":"BTC-USD","sequence":107417396975,"side":"sell","size":"0.00012802","taker_order_id":"e147b369-b087-4a84-be33-ade9894d9a5f","time":"2025-06-20T05:40:34.940846Z","trade_id":839699364,"type":"match"}
{"maker_order_id":"67af7210-9e1f-4318-a4eb-48bb1c894abc","price":"104477.74","product_id":"BTC-USD","sequence":107417396988,"side":"sell","size":"0.00008538","taker_order_id":"c6b3e380-cb88-44e9-906c-1b8b3ca1c5c6","time":"2025-06-20T05:40:35.101792Z","trade_id":839699365,"type":"match"}
{"maker_order_id":"67af7210-9e1f-4318-a4eb-48bb1c894abc","price":"104477.74","product_id":"BTC-USD","sequence":107417397008,"side":"sell","size":"0.00012801","taker_order_id":"c6d8d520-05e0-41d5-a23a-3d86149330d8","time":"2025-06-20T05:40:35.195452Z","trade_id":839699366,"type":"match"}
{"maker_order_id":"67af7210-9e1f-4318-a4eb-48bb1c894abc","price":"104477.74","product_id":"BTC-USD","sequence":107417397269,"side":"sell","size":"0.00014214","taker_order_id":"30447579-fcfe-4d3b-a5de-dd2224d89ad7","time":"2025-06-20T05:40:36.662803Z","trade_id":839699367,"type":"match"}
{"maker_order_id":"67af7210-9e1f-4318-a4eb-48bb1c894abc","price":"104477.74","product_id":"BTC-USD","sequence":107417397320,"side":"sell","size":"0.00036016","taker_order_id":"2dd7ef6a-97e4-44df-b735-1ca605f8835a","time":"2025-06-20T05:40:36.817813Z","trade_id":839699368,"type":"match"}
{"maker_order_id":"67af7210-9e1f-4318-a4eb-48bb1c894abc","price":"104477.74","product_id":"BTC-USD","sequence":107417397394,"side":"sell","size":"0.00000699","taker_order_id":"8f8b5af6-b0a6-48dc-8df8-dad408b47a22","time":"2025-06-20T05:40:37.295445Z","trade_id":839699369,"type":"match"}
{"maker_order_id":"67af7210-9e1f-4318-a4eb-48bb1c894abc","price":"104477.74","product_id":"BTC-USD","sequence":107417397583,"side":"sell","size":"0.00026541","taker_order_id":"5ff746de-ba62-48f3-a27d-c46111032e24","time":"2025-06-20T05:40:38.194701Z","trade_id":839699370,"type":"match"}
{"maker_order_id":"67af7210-9e1f-4318-a4eb-48bb1c894abc","price":"104477.74","product_id":"BTC-USD","sequence":107417397712,"side":"sell","size":"0.00091213","taker_order_id":"cd019043-cd99-4e1b-aad8-035a29a2d959","time":"2025-06-20T05:40:39.374273Z","trade_id":839699371,"type":"match"}
{"maker_order_id":"67af7210-9e1f-4318-a4eb-48bb1c894abc","price":"104477.74","product_id":"BTC-USD","sequence":107417397756,"side":"sell","size":"0.00000554","taker_order_id":"56ff0b7f-bd87-4d17-8d2c-74cba54d235b","time":"2025-06-20T05:40:39.832210Z","trade_id":839699372,"type":"match"}
{"maker_order_id":"67af7210-9e1f-4318-a4eb-48bb1c894abc","price":"104477.74","product_id":"BTC-USD","sequence":107417397843,"side":"sell","size":"0.00009476","taker_order_id":"eb88f73e-afd8-4084-911f-f7d959955c20","time":"2025-06-20T05:40:40.581572Z","trade_id":839699373,"type":"match"}
{"maker_order_id":"67af7210-9e1f-4318-a4eb-48bb1c894abc","price":"104477.74","product_id":"BTC-USD","sequence":107417397913,"side":"sell","size":"0.00007901","taker_order_id":"056cb17a-03a0-46f8-8a29-da9920821f2b","time":"2025-06-20T05:40:41.057092Z","trade_id":839699374,"type":"match"}
{"maker_order_id":"67af7210-9e1f-4318-a4eb-48bb1c894abc","price":"104477.74","product_id":"BTC-USD","sequence":107417397916,"side":"sell","size":"0.00018781","taker_order_id":"3a9f5b57-c2ab-4616-879d-150f0fb1278d","time":"2025-06-20T05:40:41.116116Z","trade_id":839699375,"type":"match"}
{"maker_order_id":"67af7210-9e1f-4318-a4eb-48bb1c894abc","price":"104477.74","product_id":"BTC-USD","sequence":107417397936,"side":"sell","size":"0.00011731","taker_order_id":"f6c9151a-66f0-4c6e-9e93-98fa60299d1e","time":"2025-06-20T05:40:41.386123Z","trade_id":839699376,"type":"match"}
{"maker_order_id":"67af7210-9e1f-4318-a4eb-48bb1c894abc","price":"104477.74","product_id":"BTC-USD","sequence":107417397940,"side":"sell","size":"0.00009239","taker_order_id":"112d0017-b47a-4cab-8060-e148721ee4da","time":"2025-06-20T05:40:41.445791Z","trade_id":839699377,"type":"match"}
{"maker_order_id":"67af7210-9e1f-4318-a4eb-48bb1c894abc","price":"104477.74","product_id":"BTC-USD","sequence":107417398060,"side":"sell","size":"0.0001754","taker_order_id":"16dee6a1-21c8-491e-abc3-8e171ac6c7a0","time":"2025-06-20T05:40:42.693777Z","trade_id":839699378,"type":"match"}
{"maker_order_id":"67af7210-9e1f-4318-a4eb-48bb1c894abc","price":"104477.74","product_id":"BTC-USD","sequence":107417398142,"side":"sell","size":"0.0005331","taker_order_id":"622146d8-7730-4f58-b74c-58583db5f400","time":"2025-06-20T05:40:43.483378Z","trade_id":839699379,"type":"match"}
{"maker_order_id":"67af7210-9e1f-4318-a4eb-48bb1c894abc","price":"104477.74","product_id":"BTC-USD","sequence":107417398374,"side":"sell","size":"0.00023225","taker_order_id":"1b60c7ec-db98-4555-b105-d4eebf8a6087","time":"2025-06-20T05:40:44.823302Z","trade_id":839699380,"type":"match"}
