{"price":"98943.56","product_id":"BTC-USD","side":"BUY","size":"0.00766157","time":"2025-06-22T19:57:21.911586Z","trade_id":"840739677"}
{"price":"98946.99","product_id":"BTC-USD","side":"BUY","size":"0.00008988","time":"2025-06-22T19:57:21.911586Z","trade_id":"840739676"}
{"price":"98946.99","product_id":"BTC-USD","side":"BUY","size":"0.00766","time":"2025-06-22T19:57:21.911586Z","trade_id":"840739675"}
{"price":"98947","product_id":"BTC-USD","side":"SELL","size":"0.0001501","time":"2025-06-22T19:57:21.801939Z","trade_id":"840739674"}
{"price":"98946.99","product_id":"BTC-USD","side":"SELL","size":"0.00028758","time":"2025-06-22T19:57:21.129687Z","trade_id":"840739673"}
{"price":"98947","product_id":"BTC-USD","side":"SELL","size":"0.00485","time":"2025-06-22T19:57:21.092364Z","trade_id":"840739672"}
{"price":"98947","product_id":"BTC-USD","side":"SELL","size":"0.00048045","time":"2025-06-22T19:57:20.804394Z","trade_id":"840739671"}
{"price":"98947","product_id":"BTC-USD","side":"SELL","size":"0.005","time":"2025-06-22T19:57:20.562341Z","trade_id":"840739670"}
{"price":"98942.03","product_id":"BTC-USD","side":"BUY","size":"0.0500689","time":"2025-06-22T19:57:19.454522Z","trade_id":"840739669"}
{"price":"98942.03","product_id":"BTC-USD","side":"BUY","size":"0.00097691","time":"2025-06-22T19:57:19.454522Z","trade_id":"840739668"}
{"price":"98945.1","product_id":"BTC-USD","side":"SELL","size":"0.00023527","time":"2025-06-22T19:57:19.251675Z","trade_id":"840739667"}
{"price":"98945.89","product_id":"BTC-USD","side":"BUY","size":"0.05040161","time":"2025-06-22T19:57:19.2161Z","trade_id":"840739666"}
{"price":"98947.09","product_id":"BTC-USD","side":"BUY","size":"0.00174847","time":"2025-06-22T19:57:19.2161Z","trade_id":"840739665"}
{"price":"98947.09","product_id":"BTC-USD","side":"BUY","size":"0.06899641","time":"2025-06-22T19:57:19.215872Z","trade_id":"840739664"}
{"price":"98947.1","product_id":"BTC-USD","side":"BUY","size":"0.00008988","time":"2025-06-22T19:57:19.215872Z","trade_id":"840739663"}
{"price":"98950.48","product_id":"BTC-USD","side":"BUY","size":"0.05860111","time":"2025-06-22T19:57:19.207657Z","trade_id":"840739662"}
{"price":"98950.48","product_id":"BTC-USD","side":"BUY","size":"0.02934938","time":"2025-06-22T19:57:19.207657Z","trade_id":"840739661"}
{"price":"98955.01","product_id":"BTC-USD","side":"BUY","size":"0.00097691","time":"2025-06-22T19:57:19.205896Z","trade_id":"840739660"}
{"price":"98955.01","product_id":"BTC-USD","side":"BUY","size":"0.0000314","time":"2025-06-22T19:57:19.205896Z","trade_id":"840739659"}
{"price":"98955.01","product_id":"BTC-USD","side":"BUY","size":"0.0030576","time":"2025-06-22T19:57:19.205896Z","trade_id":"840739658"}
{"price":"98950.48","product_id":"BTC-USD","side":"BUY","size":"0.00273003","time":"2025-06-22T19:57:19.004698Z","trade_id":"840739657"}
{"price":"98950.49","product_id":"BTC-USD","side":"BUY","size":"0.00008988","time":"2025-06-22T19:57:19.004698Z","trade_id":"840739656"}
{"price":"98952.95","product_id":"BTC-USD","side":"BUY","size":"0.00145849","time":"2025-06-22T19:57:19.004698Z","trade_id":"840739655"}
{"price":"98952.96","product_id":"BTC-USD","side":"BUY","size":"0.0027216","time":"2025-06-22T19:57:19.004698Z","trade_id":"840739654"}
{"price":"98952.27","product_id":"BTC-USD","side":"SELL","size":"0.02254997","time":"2025-06-22T19:57:18.806585Z","trade_id":"840739653"}
{"price":"98949.82","product_id":"BTC-USD","side":"SELL","size":"0.00002901","time":"2025-06-22T19:57:18.806585Z","trade_id":"840739652"}
{"price":"98947.62","product_id":"BTC-USD","side":"BUY","size":"0.00406262","time":"2025-06-22T19:57:18.717126Z","trade_id":"840739651"}
{"price":"98947.63","product_id":"BTC-USD","side":"BUY","size":"0.00097691","time":"2025-06-22T19:57:18.717126Z","trade_id":"840739650"}
{"price":"98952.94","product_id":"BTC-USD","side":"BUY","size":"0.00244379","time":"2025-06-22T19:57:18.443167Z","trade_id":"840739649"}
{"price":"98952.94","product_id":"BTC-USD","side":"BUY","size":"0.0025928","time":"2025-06-22T19:57:18.443167Z","trade_id":"840739648"}
{"price":"98952.95","product_id":"BTC-USD","side":"SELL","size":"0.001","time":"2025-06-22T19:57:18.414997Z","trade_id":"840739647"}
{"price":"98952.95","product_id":"BTC-USD","side":"SELL","size":"0.0009566","time":"2025-06-22T19:57:18.135434Z","trade_id":"840739646"}
{"price":"98952.95","product_id":"BTC-USD","side":"SELL","size":"0.00003237","time":"2025-06-22T19:57:18.135434Z","trade_id":"840739645"}
{"price":"98952.95","product_id":"BTC-USD","side":"SELL","size":"0.00000282","time":"2025-06-22T19:57:18.135434Z","trade_id":"840739644"}
{"price":"98952.95","product_id":"BTC-USD","side":"SELL","size":"0.0038558","time":"2025-06-22T19:57:17.64103Z","trade_id":"840739643"}
{"price":"98952.95","product_id":"BTC-USD","side":"SELL","size":"0.00351089","time":"2025-06-22T19:57:17.64103Z","trade_id":"840739642"}
{"price":"98952.95","product_id":"BTC-USD","side":"SELL","size":"0.00053506","time":"2025-06-22T19:57:17.219525Z","trade_id":"840739641"}
{"price":"98952.95","product_id":"BTC-USD","side":"SELL","size":"0.00006539","time":"2025-06-22T19:57:17.219525Z","trade_id":"840739640"}
{"price":"98938.81","product_id":"BTC-USD","side":"BUY","size":"0.00270755","time":"2025-06-22T19:57:16.040452Z","trade_id":"840739639"}
{"price":"98942.71","product_id":"BTC-USD","side":"BUY","size":"0.00729245","time":"2025-06-22T19:57:16.040452Z","trade_id":"840739638"}
{"price":"98945.71","product_id":"BTC-USD","side":"SELL","size":"0.00001098","time":"2025-06-22T19:57:15.906946Z","trade_id":"840739637"}
{"price":"98943.21","product_id":"BTC-USD","side":"SELL","size":"0.00005463","time":"2025-06-22T19:57:15.906946Z","trade_id":"840739636"}
{"price":"98935.35","product_id":"BTC-USD","side":"SELL","size":"0.05","time":"2025-06-22T19:57:15.852267Z","trade_id":"840739635"}
{"price":"98935.3","product_id":"BTC-USD","side":"SELL","size":"0.021609","time":"2025-06-22T19:57:15.852267Z","trade_id":"840739634"}
{"price":"98935.3","product_id":"BTC-USD","side":"SELL","size":"0.02644198","time":"2025-06-22T19:57:15.852267Z","trade_id":"840739633"}
{"price":"98935.3","product_id":"BTC-USD","side":"SELL","size":"0.00170274","time":"2025-06-22T19:57:15.785131Z","trade_id":"840739632"}
{"price":"98935.3","product_id":"BTC-USD","side":"SELL","size":"0.00003641","time":"2025-06-22T19:57:15.641035Z","trade_id":"840739631"}
{"price":"98935.3","product_id":"BTC-USD","side":"SELL","size":"0.00015","time":"2025-06-22T19:57:15.446731Z","trade_id":"840739630"}
{"price":"98935.29","product_id":"BTC-USD","side":"BUY","size":"0.00000026","time":"2025-06-22T19:57:15.320584Z","trade_id":"840739629"}
{"price":"98935.3","product_id":"BTC-USD","side":"SELL","size":"0.00004909","time":"2025-06-22T19:57:15.034311Z","trade_id":"840739628"}
{"price":"98935.3","product_id":"BTC-USD","side":"SELL","size":"0.00001011","time":"2025-06-22T19:57:14.98905Z","trade_id":"840739627"}
{"price":"98935.29","product_id":"BTC-USD","side":"BUY","size":"0.00000027","time":"2025-06-22T19:57:14.66597Z","trade_id":"840739626"}
{"price":"98935.3","product_id":"BTC-USD","side":"SELL","size":"0.02160967","time":"2025-06-22T19:57:14.176937Z","trade_id":"840739625"}
{"price":"98935.27","product_id":"BTC-USD","side":"SELL","size":"0.00000092","time":"2025-06-22T19:57:13.560491Z","trade_id":"840739624"}
{"price":"98936.96","product_id":"BTC-USD","side":"SELL","size":"0.00000092","time":"2025-06-22T19:57:13.054399Z","trade_id":"840739623"}
{"price":"98936.97","product_id":"BTC-USD","side":"SELL","size":"0.00068415","time":"2025-06-22T19:57:12.917809Z","trade_id":"840739622"}
{"price":"98936.96","product_id":"BTC-USD","side":"SELL","size":"0.00007624","time":"2025-06-22T19:57:12.917809Z","trade_id":"840739621"}
{"price":"98936.96","product_id":"BTC-USD","side":"SELL","size":"0.00000283","time":"2025-06-22T19:57:12.917809Z","trade_id":"840739620"}
{"price":"98936.97","product_id":"BTC-USD","side":"SELL","size":"0.00042946","time":"2025-06-22T19:57:12.427618Z","trade_id":"840739619"}
{"price":"98936.97","product_id":"BTC-USD","side":"SELL","size":"0.00115056","time":"2025-06-22T19:57:12.413026Z","trade_id":"840739618"}
{"price":"98936.96","product_id":"BTC-USD","side":"BUY","size":"0.00204187","time":"2025-06-22T19:57:12.360538Z","trade_id":"840739617"}
{"price":"98936.97","product_id":"BTC-USD","side":"SELL","size":"0.00023528","time":"2025-06-22T19:57:11.773951Z","trade_id":"840739616"}
{"price":"98936.87","product_id":"BTC-USD","side":"BUY","size":"0.00021036","time":"2025-06-22T19:57:11.049639Z","trade_id":"840739615"}
{"price":"98936.96","product_id":"BTC-USD","side":"BUY","size":"0.00008989","time":"2025-06-22T19:57:11.049639Z","trade_id":"840739614"}
{"price":"98936.97","product_id":"BTC-USD","side":"SELL","size":"0.00008049","time":"2025-06-22T19:57:10.652018Z","trade_id":"840739613"}
{"price":"98937.05","product_id":"BTC-USD","side":"SELL","size":"0.00047936","time":"2025-06-22T19:57:10.414271Z","trade_id":"840739612"}
{"price":"98940.72","product_id":"BTC-USD","side":"SELL","size":"0.00968918","time":"2025-06-22T19:57:09.77025Z","trade_id":"840739611"}
{"price":"98938.25","product_id":"BTC-USD","side":"SELL","size":"0.02144772","time":"2025-06-22T19:57:09.77025Z","trade_id":"840739610"}
{"price":"98938.17","product_id":"BTC-USD","side":"SELL","size":"0.07075126","time":"2025-06-22T19:57:09.77025Z","trade_id":"840739609"}
{"price":"98935.88","product_id":"BTC-USD","side":"SELL","size":"0.0101078","time":"2025-06-22T19:57:09.77025Z","trade_id":"840739608"}
{"price":"98933.25","product_id":"BTC-USD","side":"SELL","size":"0.00000404","time":"2025-06-22T19:57:09.77025Z","trade_id":"840739607"}
{"price":"98930.3","product_id":"BTC-USD","side":"SELL","size":"0.05","time":"2025-06-22T19:57:09.77025Z","trade_id":"840739606"}
{"price":"98930.25","product_id":"BTC-USD","side":"SELL","size":"0.004003","time":"2025-06-22T19:57:09.77025Z","trade_id":"840739605"}
{"price":"98930.25","product_id":"BTC-USD","side":"SELL","size":"0.045997","time":"2025-06-22T19:57:09.77025Z","trade_id":"840739604"}
{"price":"98930.23","product_id":"BTC-USD","side":"SELL","size":"0.00077062","time":"2025-06-22T19:57:08.713016Z","trade_id":"840739603"}
{"price":"98930.23","product_id":"BTC-USD","side":"SELL","size":"0.00161189","time":"2025-06-22T19:57:08.712484Z","trade_id":"840739602"}
{"price":"98930.22","product_id":"BTC-USD","side":"SELL","size":"0.00001811","time":"2025-06-22T19:57:08.712484Z","trade_id":"840739601"}
{"price":"98925.32","product_id":"BTC-USD","side":"BUY","size":"0.0245488","time":"2025-06-22T19:57:08.694177Z","trade_id":"840739600"}
{"price":"98925.78","product_id":"BTC-USD","side":"BUY","size":"0.00054778","time":"2025-06-22T19:57:08.694177Z","trade_id":"840739599"}
{"price":"98925.78","product_id":"BTC-USD","side":"BUY","size":"0.00006185","time":"2025-06-22T19:57:08.694177Z","trade_id":"840739598"}
{"price":"98925.78","product_id":"BTC-USD","side":"BUY","size":"0.00000141","time":"2025-06-22T19:57:08.694177Z","trade_id":"840739597"}
{"price":"98928.85","product_id":"BTC-USD","side":"BUY","size":"0.00000202","time":"2025-06-22T19:57:08.694177Z","trade_id":"840739596"}
{"price":"98933.24","product_id":"BTC-USD","side":"BUY","size":"0.00008989","time":"2025-06-22T19:57:08.694177Z","trade_id":"840739595"}
{"price":"98933.24","product_id":"BTC-USD","side":"BUY","size":"0.0033376","time":"2025-06-22T19:57:08.694177Z","trade_id":"840739594"}
{"price":"98933.25","product_id":"BTC-USD","side":"SELL","size":"0.00400324","time":"2025-06-22T19:57:08.501768Z","trade_id":"840739593"}
{"price":"98930.97","product_id":"BTC-USD","side":"BUY","size":"0.00015771","time":"2025-06-22T19:57:07.3773Z","trade_id":"840739592"}
{"price":"98933.24","product_id":"BTC-USD","side":"BUY","size":"0.00008989","time":"2025-06-22T19:57:07.3773Z","trade_id":"840739591"}
{"price":"98933.24","product_id":"BTC-USD","side":"BUY","size":"0.0027524","time":"2025-06-22T19:57:07.3773Z","trade_id":"840739590"}
{"price":"98933.24","product_id":"BTC-USD","side":"BUY","size":"0.0090036","time":"2025-06-22T19:57:07.195293Z","trade_id":"840739589"}
{"price":"98933.24","product_id":"BTC-USD","side":"BUY","size":"0.0027104","time":"2025-06-22T19:57:07.195293Z","trade_id":"840739588"}
{"price":"98933.24","product_id":"BTC-USD","side":"BUY","size":"0.00666335","time":"2025-06-22T19:57:07.195293Z","trade_id":"840739587"}
{"price":"98933.25","product_id":"BTC-USD","side":"SELL","size":"0.00014521","time":"2025-06-22T19:57:07.106966Z","trade_id":"840739586"}
{"price":"98933.24","product_id":"BTC-USD","side":"BUY","size":"0.00099665","time":"2025-06-22T19:57:06.679252Z","trade_id":"840739585"}
{"price":"98931.75","product_id":"BTC-USD","side":"SELL","size":"0.0030028","time":"2025-06-22T19:57:06.039164Z","trade_id":"840739584"}
{"price":"98931.75","product_id":"BTC-USD","side":"SELL","size":"0.00197397","time":"2025-06-22T19:57:06.015743Z","trade_id":"840739583"}
{"price":"98929.28","product_id":"BTC-USD","side":"SELL","size":"0.00294755","time":"2025-06-22T19:57:05.465232Z","trade_id":"840739582"}
{"price":"98928.86","product_id":"BTC-USD","side":"SELL","size":"0.00001921","time":"2025-06-22T19:57:03.663335Z","trade_id":"840739581"}
{"price":"98928.86","product_id":"BTC-USD","side":"SELL","size":"0.00032224","time":"2025-06-22T19:57:03.46002Z","trade_id":"840739580"}
{"price":"98925.79","product_id":"BTC-USD","side":"SELL","size":"0.0000003","time":"2025-06-22T19:57:01.688207Z","trade_id":"840739579"}
{"price":"98925.79","product_id":"BTC-USD","side":"SELL","size":"0.01565065","time":"2025-06-22T19:57:01.688207Z","trade_id":"840739578"}
{"price":"98947","product_id":"BTC-USD","side":"SELL","size":"0.00095875","time":"2025-06-22T19:57:22.414792Z","trade_id":"840739678"}
{"price":"98947","product_id":"BTC-USD","side":"SELL","size":"0.00245556","time":"2025-06-22T19:57:23.039168Z","trade_id":"840739679"}
{"price":"98947","product_id":"BTC-USD","side":"SELL","size":"0.00651","time":"2025-06-22T19:57:23.196873Z","trade_id":"840739680"}
{"price":"98947","product_id":"BTC-USD","side":"SELL","size":"0.00007775","time":"2025-06-22T19:57:23.552441Z","trade_id":"840739681"}
{"price":"98946.99","product_id":"BTC-USD","side":"BUY","size":"0.00211949","time":"2025-06-22T19:57:23.628968Z","trade_id":"840739682"}
{"price":"98947","product_id":"BTC-USD","side":"SELL","size":"0.00018522","time":"2025-06-22T19:57:23.687188Z","trade_id":"840739683"}
{"price":"98947","product_id":"BTC-USD","side":"SELL","size":"0.00010006","time":"2025-06-22T19:57:24.237067Z","trade_id":"840739684"}
{"price":"98947","product_id":"BTC-USD","side":"SELL","size":"0.00098224","time":"2025-06-22T19:57:24.513572Z","trade_id":"840739686"}
{"price":"98947","product_id":"BTC-USD","side":"SELL","size":"0.00018522","time":"2025-06-22T19:57:24.481053Z","trade_id":"840739685"}
{"price":"98947.05","product_id":"BTC-USD","side":"SELL","size":"0.00008434","time":"2025-06-22T19:57:24.642319Z","trade_id":"840739697"}
{"price":"98947.05","product_id":"BTC-USD","side":"SELL","size":"0.01010548","time":"2025-06-22T19:57:24.642302Z","trade_id":"840739696"}
{"price":"98947.05","product_id":"BTC-USD","side":"SELL","size":"0.01010548","time":"2025-06-22T19:57:24.641848Z","trade_id":"840739695"}
{"price":"98947.05","product_id":"BTC-USD","side":"SELL","size":"0.0297047","time":"2025-06-22T19:57:24.638052Z","trade_id":"840739694"}
{"price":"98947","product_id":"BTC-USD","side":"SELL","size":"0.009228","time":"2025-06-22T19:57:24.638052Z","trade_id":"840739693"}
{"price":"98947","product_id":"BTC-USD","side":"SELL","size":"0.000959","time":"2025-06-22T19:57:24.638052Z","trade_id":"840739692"}
{"price":"98947","product_id":"BTC-USD","side":"SELL","size":"0.00000282","time":"2025-06-22T19:57:24.638052Z","trade_id":"840739691"}
{"price":"98947","product_id":"BTC-USD","side":"SELL","size":"0.00015","time":"2025-06-22T19:57:24.638052Z","trade_id":"840739690"}
{"price":"98947","product_id":"BTC-USD","side":"SELL","size":"0.01033","time":"2025-06-22T19:57:24.638052Z","trade_id":"840739689"}
{"price":"98947","product_id":"BTC-USD","side":"SELL","size":"0.01082382","time":"2025-06-22T19:57:24.638052Z","trade_id":"840739688"}
{"price":"98947","product_id":"BTC-USD","side":"SELL","size":"0.01724083","time":"2025-06-22T19:57:24.637857Z","trade_id":"840739687"}
{"price":"98965.26","product_id":"BTC-USD","side":"SELL","size":"0.0014634","time":"2025-06-22T19:57:24.754205Z","trade_id":"840739698"}
{"price":"98966.77","product_id":"BTC-USD","side":"SELL","size":"0.00479384","time":"2025-06-22T19:57:24.856607Z","trade_id":"840739699"}
{"price":"98981.73","product_id":"BTC-USD","side":"SELL","size":"0.00014549","time":"2025-06-22T19:57:24.959792Z","trade_id":"840739701"}
{"price":"98976.2","product_id":"BTC-USD","side":"SELL","size":"0.00003975","time":"2025-06-22T19:57:24.959792Z","trade_id":"840739700"}
{"price":"98975.98","product_id":"BTC-USD","side":"BUY","size":"0.00404257","time":"2025-06-22T19:57:25.378818Z","trade_id":"840739702"}
{"price":"98982.78","product_id":"BTC-USD","side":"SELL","size":"0.00042757","time":"2025-06-22T19:57:25.742311Z","trade_id":"840739704"}
{"price":"98982.77","product_id":"BTC-USD","side":"BUY","size":"0.00142896","time":"2025-06-22T19:57:25.73756Z","trade_id":"840739703"}
{"price":"98982.78","product_id":"BTC-USD","side":"SELL","size":"0.00031934","time":"2025-06-22T19:57:25.92982Z","trade_id":"840739705"}
{"price":"98982.78","product_id":"BTC-USD","side":"SELL","size":"0.00023966","time":"2025-06-22T19:57:26.385549Z","trade_id":"840739706"}
{"price":"98982.78","product_id":"BTC-USD","side":"SELL","size":"0.00073","time":"2025-06-22T19:57:26.606129Z","trade_id":"840739707"}
{"price":"98989.59","product_id":"BTC-USD","side":"SELL","size":"0.00197983","time":"2025-06-22T19:57:27.230987Z","trade_id":"840739710"}
{"price":"98982.8","product_id":"BTC-USD","side":"SELL","size":"0.000012","time":"2025-06-22T19:57:27.230987Z","trade_id":"840739709"}
{"price":"98982.78","product_id":"BTC-USD","side":"SELL","size":"0.00000817","time":"2025-06-22T19:57:27.230987Z","trade_id":"840739708"}
{"price":"98989.16","product_id":"BTC-USD","side":"SELL","size":"0.00000084","time":"2025-06-22T19:57:27.392681Z","trade_id":"840739712"}
{"price":"98988.98","product_id":"BTC-USD","side":"SELL","size":"0.00982126","time":"2025-06-22T19:57:27.362176Z","trade_id":"840739711"}
{"price":"98994.95","product_id":"BTC-USD","side":"SELL","size":"0.00236729","time":"2025-06-22T19:57:27.662575Z","trade_id":"840739714"}
{"price":"98989.44","product_id":"BTC-USD","side":"SELL","size":"0.00002953","time":"2025-06-22T19:57:27.662575Z","trade_id":"840739713"}
{"price":"98990.72","product_id":"BTC-USD","side":"SELL","size":"0.0000009","time":"2025-06-22T19:57:27.918855Z","trade_id":"840739715"}
{"price":"98996.48","product_id":"BTC-USD","side":"SELL","size":"0.00303154","time":"2025-06-22T19:57:28.071804Z","trade_id":"840739719"}
{"price":"98996.41","product_id":"BTC-USD","side":"SELL","size":"0.00000282","time":"2025-06-22T19:57:28.071804Z","trade_id":"840739718"}
{"price":"98996.39","product_id":"BTC-USD","side":"SELL","size":"0.00097691","time":"2025-06-22T19:57:28.071804Z","trade_id":"840739717"}
{"price":"98996.39","product_id":"BTC-USD","side":"SELL","size":"0.00002511","time":"2025-06-22T19:57:28.071804Z","trade_id":"840739716"}
{"price":"98987.87","product_id":"BTC-USD","side":"SELL","size":"0.00032591","time":"2025-06-22T19:57:28.404585Z","trade_id":"840739720"}
{"price":"98996.38","product_id":"BTC-USD","side":"SELL","size":"0.0003002","time":"2025-06-22T19:57:28.788125Z","trade_id":"840739721"}
{"price":"98996.36","product_id":"BTC-USD","side":"SELL","size":"0.00052405","time":"2025-06-22T19:57:29.043642Z","trade_id":"840739724"}
{"price":"98996.35","product_id":"BTC-USD","side":"SELL","size":"0.00097691","time":"2025-06-22T19:57:29.043642Z","trade_id":"840739723"}
{"price":"98986.24","product_id":"BTC-USD","side":"BUY","size":"0.00000028","time":"2025-06-22T19:57:28.977351Z","trade_id":"840739722"}
{"price":"98996.35","product_id":"BTC-USD","side":"SELL","size":"0.00001983","time":"2025-06-22T19:57:29.244374Z","trade_id":"840739726"}
{"price":"98996.36","product_id":"BTC-USD","side":"SELL","size":"0.00049094","time":"2025-06-22T19:57:29.222987Z","trade_id":"840739725"}
{"price":"98985.91","product_id":"BTC-USD","side":"BUY","size":"0.00000025","time":"2025-06-22T19:57:29.488955Z","trade_id":"840739727"}
{"price":"98982.77","product_id":"BTC-USD","side":"BUY","size":"0.00088352","time":"2025-06-22T19:57:29.643019Z","trade_id":"840739735"}
{"price":"98982.8","product_id":"BTC-USD","side":"BUY","size":"0.00412677","time":"2025-06-22T19:57:29.643019Z","trade_id":"840739734"}
{"price":"98985.89","product_id":"BTC-USD","side":"BUY","size":"0.02505856","time":"2025-06-22T19:57:29.590875Z","trade_id":"840739733"}
{"price":"98985.89","product_id":"BTC-USD","side":"BUY","size":"0.10314144","time":"2025-06-22T19:57:29.582796Z","trade_id":"840739732"}
{"price":"98985.9","product_id":"BTC-USD","side":"BUY","size":"0.06702908","time":"2025-06-22T19:57:29.582575Z","trade_id":"840739731"}
{"price":"98985.9","product_id":"BTC-USD","side":"BUY","size":"0.01399771","time":"2025-06-22T19:57:29.582266Z","trade_id":"840739730"}
{"price":"98985.9","product_id":"BTC-USD","side":"BUY","size":"0.04717321","time":"2025-06-22T19:57:29.582196Z","trade_id":"840739729"}
{"price":"98986.55","product_id":"BTC-USD","side":"BUY","size":"0.015229","time":"2025-06-22T19:57:29.582196Z","trade_id":"840739728"}
{"price":"98972.87","product_id":"BTC-USD","side":"BUY","size":"0.0105968","time":"2025-06-22T19:57:29.731172Z","trade_id":"840739742"}
{"price":"98972.87","product_id":"BTC-USD","side":"BUY","size":"0.00752469","time":"2025-06-22T19:57:29.729779Z","trade_id":"840739741"}
{"price":"98972.87","product_id":"BTC-USD","side":"BUY","size":"0.02873964","time":"2025-06-22T19:57:29.729761Z","trade_id":"840739740"}
{"price":"98972.87","product_id":"BTC-USD","side":"BUY","size":"0.04517753","time":"2025-06-22T19:57:29.729746Z","trade_id":"840739739"}
{"price":"98972.87","product_id":"BTC-USD","side":"BUY","size":"0.02777003","time":"2025-06-22T19:57:29.729692Z","trade_id":"840739738"}
{"price":"98972.87","product_id":"BTC-USD","side":"BUY","size":"0.00839131","time":"2025-06-22T19:57:29.729189Z","trade_id":"840739737"}
{"price":"98972.89","product_id":"BTC-USD","side":"BUY","size":"0.00392531","time":"2025-06-22T19:57:29.729189Z","trade_id":"840739736"}
{"price":"98974.71","product_id":"BTC-USD","side":"SELL","size":"0.00017089","time":"2025-06-22T19:57:30.107261Z","trade_id":"840739744"}
{"price":"98970.35","product_id":"BTC-USD","side":"SELL","size":"0.00002875","time":"2025-06-22T19:57:30.107261Z","trade_id":"840739743"}
{"price":"98981.15","product_id":"BTC-USD","side":"SELL","size":"0.00002918","time":"2025-06-22T19:57:30.193023Z","trade_id":"840739745"}
{"price":"98978.28","product_id":"BTC-USD","side":"SELL","size":"0.00058536","time":"2025-06-22T19:57:30.470364Z","trade_id":"840739747"}
{"price":"98978.27","product_id":"BTC-USD","side":"SELL","size":"0.00040558","time":"2025-06-22T19:57:30.470364Z","trade_id":"840739746"}
{"price":"98982.99","product_id":"BTC-USD","side":"SELL","size":"0.00021962","time":"2025-06-22T19:57:32.438194Z","trade_id":"840739749"}
{"price":"98982.97","product_id":"BTC-USD","side":"SELL","size":"0.00001559","time":"2025-06-22T19:57:32.438194Z","trade_id":"840739748"}
{"price":"98982.97","product_id":"BTC-USD","side":"SELL","size":"0.00100017","time":"2025-06-22T19:57:32.834036Z","trade_id":"840739750"}
{"price":"98982.97","product_id":"BTC-USD","side":"SELL","size":"0.00997979","time":"2025-06-22T19:57:33.005646Z","trade_id":"840739753"}
{"price":"98982.96","product_id":"BTC-USD","side":"SELL","size":"0.00002496","time":"2025-06-22T19:57:33.005646Z","trade_id":"840739752"}
{"price":"98981.98","product_id":"BTC-USD","side":"SELL","size":"0.00491146","time":"2025-06-22T19:57:32.970802Z","trade_id":"840739751"}
{"price":"98990.67","product_id":"BTC-USD","side":"SELL","size":"0.01309926","time":"2025-06-22T19:57:33.139089Z","trade_id":"840739758"}
{"price":"98990.66","product_id":"BTC-USD","side":"SELL","size":"0.00002496","time":"2025-06-22T19:57:33.139089Z","trade_id":"840739757"}
{"price":"98984.99","product_id":"BTC-USD","side":"SELL","size":"0.01454603","time":"2025-06-22T19:57:33.139089Z","trade_id":"840739756"}
{"price":"98983.08","product_id":"BTC-USD","side":"SELL","size":"0.021438","time":"2025-06-22T19:57:33.139089Z","trade_id":"840739755"}
{"price":"98982.97","product_id":"BTC-USD","side":"SELL","size":"0.00000282","time":"2025-06-22T19:57:33.139089Z","trade_id":"840739754"}
{"price":"98984.23","product_id":"BTC-USD","side":"SELL","size":"0.00100064","time":"2025-06-22T19:57:33.216203Z","trade_id":"840739760"}
{"price":"98984.23","product_id":"BTC-USD","side":"SELL","size":"0.00050009","time":"2025-06-22T19:57:33.188584Z","trade_id":"840739759"}
{"price":"98990.69","product_id":"BTC-USD","side":"SELL","size":"0.0000002","time":"2025-06-22T19:57:33.442557Z","trade_id":"840739762"}
{"price":"98990.68","product_id":"BTC-USD","side":"SELL","size":"0.00024982","time":"2025-06-22T19:57:33.424938Z","trade_id":"840739761"}
{"price":"98990.69","product_id":"BTC-USD","side":"SELL","size":"0.00061293","time":"2025-06-22T19:57:33.540479Z","trade_id":"840739764"}
{"price":"98990.69","product_id":"BTC-USD","side":"SELL","size":"0.0000001","time":"2025-06-22T19:57:33.459623Z","trade_id":"840739763"}
{"price":"98990.08","product_id":"BTC-USD","side":"SELL","size":"0.0000509","time":"2025-06-22T19:57:33.62571Z","trade_id":"840739765"}
{"price":"98990.08","product_id":"BTC-USD","side":"SELL","size":"0.00049082","time":"2025-06-22T19:57:34.484629Z","trade_id":"840739766"}
{"price":"98990.08","product_id":"BTC-USD","side":"SELL","size":"0.00498989","time":"2025-06-22T19:57:34.84029Z","trade_id":"840739767"}
{"price":"98988.11","product_id":"BTC-USD","side":"SELL","size":"0.00018352","time":"2025-06-22T19:57:35.25Z","trade_id":"840739776"}
{"price":"98988.1","product_id":"BTC-USD","side":"SELL","size":"0.00006664","time":"2025-06-22T19:57:35.25Z","trade_id":"840739775"}
{"price":"98979.82","product_id":"BTC-USD","side":"BUY","size":"0.00094842","time":"2025-06-22T19:57:35.172171Z","trade_id":"840739774"}
{"price":"98980.34","product_id":"BTC-USD","side":"BUY","size":"0.0214386","time":"2025-06-22T19:57:35.172171Z","trade_id":"840739773"}
{"price":"98982.13","product_id":"BTC-USD","side":"BUY","size":"0.07071984","time":"2025-06-22T19:57:35.172171Z","trade_id":"840739772"}
{"price":"98982.14","product_id":"BTC-USD","side":"BUY","size":"0.0424319","time":"2025-06-22T19:57:35.172171Z","trade_id":"840739771"}
{"price":"98982.15","product_id":"BTC-USD","side":"BUY","size":"0.00008985","time":"2025-06-22T19:57:35.172171Z","trade_id":"840739770"}
{"price":"98990.05","product_id":"BTC-USD","side":"BUY","size":"0.01454603","time":"2025-06-22T19:57:35.172171Z","trade_id":"840739769"}
{"price":"98990.07","product_id":"BTC-USD","side":"BUY","size":"0.00082536","time":"2025-06-22T19:57:35.172171Z","trade_id":"840739768"}
{"price":"98988.11","product_id":"BTC-USD","side":"SELL","size":"0.00611417","time":"2025-06-22T19:57:35.406338Z","trade_id":"840739778"}
{"price":"98988.1","product_id":"BTC-USD","side":"SELL","size":"0.00006998","time":"2025-06-22T19:57:35.406338Z","trade_id":"840739777"}
{"price":"98988.11","product_id":"BTC-USD","side":"SELL","size":"0.00004012","time":"2025-06-22T19:57:35.513496Z","trade_id":"840739779"}
{"price":"98988.11","product_id":"BTC-USD","side":"SELL","size":"0.00150436","time":"2025-06-22T19:57:36.03465Z","trade_id":"840739780"}
{"price":"98988.11","product_id":"BTC-USD","side":"SELL","size":"0.00095861","time":"2025-06-22T19:57:36.135022Z","trade_id":"840739783"}
{"price":"98988.11","product_id":"BTC-USD","side":"SELL","size":"0.005","time":"2025-06-22T19:57:36.134834Z","trade_id":"840739782"}
{"price":"98988.11","product_id":"BTC-USD","side":"SELL","size":"0.00095861","time":"2025-06-22T19:57:36.077181Z","trade_id":"840739781"}
{"price":"98932.53","product_id":"BTC-USD","side":"SELL","size":"0.00009309","time":"2025-06-22T19:58:08.725665Z","trade_id":"840739985"}
{"price":"98932.52","product_id":"BTC-USD","side":"SELL","size":"0.00034691","time":"2025-06-22T19:58:08.725665Z","trade_id":"840739984"}
{"price":"98932.46","product_id":"BTC-USD","side":"SELL","size":"0.00467508","time":"2025-06-22T19:58:08.63163Z","trade_id":"840739983"}
{"price":"98929.28","product_id":"BTC-USD","side":"SELL","size":"0.00000262","time":"2025-06-22T19:58:08.63163Z","trade_id":"840739982"}
{"price":"98929.28","product_id":"BTC-USD","side":"SELL","size":"0.0203223","time":"2025-06-22T19:58:08.63163Z","trade_id":"840739981"}
{"price":"98929.07","product_id":"BTC-USD","side":"SELL","size":"0.00063","time":"2025-06-22T19:58:08.410389Z","trade_id":"840739980"}
{"price":"98936.93","product_id":"BTC-USD","side":"BUY","size":"0.03387051","time":"2025-06-22T19:58:08.05119Z","trade_id":"840739979"}
{"price":"98936.98","product_id":"BTC-USD","side":"BUY","size":"0.03387051","time":"2025-06-22T19:58:08.043135Z","trade_id":"840739978"}
{"price":"98937.02","product_id":"BTC-USD","side":"BUY","size":"0.01454603","time":"2025-06-22T19:58:08.043135Z","trade_id":"840739977"}
{"price":"98945.7","product_id":"BTC-USD","side":"SELL","size":"0.00250129","time":"2025-06-22T19:58:07.725331Z","trade_id":"840739976"}
{"price":"98945.69","product_id":"BTC-USD","side":"BUY","size":"0.01454603","time":"2025-06-22T19:58:07.722065Z","trade_id":"840739975"}
{"price":"98945.37","product_id":"BTC-USD","side":"BUY","size":"0.00048691","time":"2025-06-22T19:58:07.706814Z","trade_id":"840739974"}
{"price":"98945.36","product_id":"BTC-USD","side":"BUY","size":"0.00049","time":"2025-06-22T19:58:07.697711Z","trade_id":"840739973"}
{"price":"98930.95","product_id":"BTC-USD","side":"SELL","size":"0.02002972","time":"2025-06-22T19:58:07.601996Z","trade_id":"840739972"}
{"price":"98932.95","product_id":"BTC-USD","side":"SELL","size":"0.02001772","time":"2025-06-22T19:58:07.592138Z","trade_id":"840739971"}
{"price":"98930.86","product_id":"BTC-USD","side":"SELL","size":"0.000012","time":"2025-06-22T19:58:07.592138Z","trade_id":"840739970"}
{"price":"98923.49","product_id":"BTC-USD","side":"SELL","size":"0.02974458","time":"2025-06-22T19:58:07.560844Z","trade_id":"840739969"}
{"price":"98923.4","product_id":"BTC-USD","side":"SELL","size":"0.00000293","time":"2025-06-22T19:58:07.560844Z","trade_id":"840739968"}
{"price":"98921.14","product_id":"BTC-USD","side":"SELL","size":"0.02974458","time":"2025-06-22T19:58:07.527944Z","trade_id":"840739967"}
{"price":"98921.07","product_id":"BTC-USD","side":"SELL","size":"0.00119804","time":"2025-06-22T19:58:07.318647Z","trade_id":"840739966"}
{"price":"98921.04","product_id":"BTC-USD","side":"BUY","size":"0.00137447","time":"2025-06-22T19:58:07.03316Z","trade_id":"840739965"}
{"price":"98921.06","product_id":"BTC-USD","side":"BUY","size":"0.0000899","time":"2025-06-22T19:58:07.03316Z","trade_id":"840739964"}
{"price":"98921.05","product_id":"BTC-USD","side":"SELL","size":"0.00499023","time":"2025-06-22T19:58:06.817751Z","trade_id":"840739963"}
{"price":"98920.96","product_id":"BTC-USD","side":"SELL","size":"0.006","time":"2025-06-22T19:58:06.491093Z","trade_id":"840739962"}
{"price":"98920.96","product_id":"BTC-USD","side":"SELL","size":"0.00200062","time":"2025-06-22T19:58:06.240955Z","trade_id":"840739961"}
{"price":"98920.95","product_id":"BTC-USD","side":"SELL","size":"0.00023522","time":"2025-06-22T19:58:06.125322Z","trade_id":"840739960"}
{"price":"98916.89","product_id":"BTC-USD","side":"SELL","size":"0.00011021","time":"2025-06-22T19:58:05.38614Z","trade_id":"840739959"}
{"price":"98916.89","product_id":"BTC-USD","side":"SELL","size":"0.00008991","time":"2025-06-22T19:58:05.38614Z","trade_id":"840739958"}
{"price":"98920.95","product_id":"BTC-USD","side":"SELL","size":"0.00030018","time":"2025-06-22T19:58:05.097099Z","trade_id":"840739957"}
{"price":"98917.7","product_id":"BTC-USD","side":"BUY","size":"0.01454603","time":"2025-06-22T19:58:04.910555Z","trade_id":"840739956"}
{"price":"98917.71","product_id":"BTC-USD","side":"SELL","size":"0.00025015","time":"2025-06-22T19:58:04.885772Z","trade_id":"840739955"}
{"price":"98914.57","product_id":"BTC-USD","side":"SELL","size":"0.01605582","time":"2025-06-22T19:58:04.530853Z","trade_id":"840739954"}
{"price":"98914.56","product_id":"BTC-USD","side":"SELL","size":"0.0000899","time":"2025-06-22T19:58:04.530853Z","trade_id":"840739953"}
{"price":"98914.28","product_id":"BTC-USD","side":"SELL","size":"0.00018521","time":"2025-06-22T19:58:04.46994Z","trade_id":"840739952"}
{"price":"98914.47","product_id":"BTC-USD","side":"BUY","size":"0.00024938","time":"2025-06-22T19:58:04.369912Z","trade_id":"840739951"}
{"price":"98921.04","product_id":"BTC-USD","side":"BUY","size":"0.00050532","time":"2025-06-22T19:58:04.018146Z","trade_id":"840739950"}
{"price":"98907","product_id":"BTC-USD","side":"SELL","size":"0.00914178","time":"2025-06-22T19:58:03.085575Z","trade_id":"840739949"}
{"price":"98906.98","product_id":"BTC-USD","side":"SELL","size":"0.00000283","time":"2025-06-22T19:58:03.085575Z","trade_id":"840739948"}
{"price":"98913.36","product_id":"BTC-USD","side":"BUY","size":"0.01454603","time":"2025-06-22T19:58:02.873793Z","trade_id":"840739947"}
{"price":"98916.04","product_id":"BTC-USD","side":"BUY","size":"0.00000161","time":"2025-06-22T19:58:02.839466Z","trade_id":"840739946"}
{"price":"98916.05","product_id":"BTC-USD","side":"SELL","size":"0.00305788","time":"2025-06-22T19:58:02.649646Z","trade_id":"840739945"}
{"price":"98916.05","product_id":"BTC-USD","side":"SELL","size":"0.00009015","time":"2025-06-22T19:58:02.505298Z","trade_id":"840739944"}
{"price":"98906.95","product_id":"BTC-USD","side":"BUY","size":"0.00001011","time":"2025-06-22T19:58:01.834565Z","trade_id":"840739943"}
{"price":"98913.52","product_id":"BTC-USD","side":"BUY","size":"0.00017431","time":"2025-06-22T19:58:00.914208Z","trade_id":"840739942"}
{"price":"98913.86","product_id":"BTC-USD","side":"BUY","size":"0.01346109","time":"2025-06-22T19:58:00.914208Z","trade_id":"840739941"}
{"price":"98914.71","product_id":"BTC-USD","side":"BUY","size":"0.08559813","time":"2025-06-22T19:58:00.914208Z","trade_id":"840739940"}
{"price":"98914.72","product_id":"BTC-USD","side":"BUY","size":"0.01751531","time":"2025-06-22T19:58:00.914208Z","trade_id":"840739939"}
{"price":"98916.02","product_id":"BTC-USD","side":"BUY","size":"0.000012","time":"2025-06-22T19:58:00.914208Z","trade_id":"840739938"}
{"price":"98916.89","product_id":"BTC-USD","side":"BUY","size":"0.01727097","time":"2025-06-22T19:58:00.914208Z","trade_id":"840739937"}
{"price":"98917.13","product_id":"BTC-USD","side":"BUY","size":"0.01454603","time":"2025-06-22T19:58:00.914208Z","trade_id":"840739936"}
{"price":"98917.64","product_id":"BTC-USD","side":"BUY","size":"0.11646049","time":"2025-06-22T19:58:00.914208Z","trade_id":"840739935"}
{"price":"98919.79","product_id":"BTC-USD","side":"BUY","size":"0.00000499","time":"2025-06-22T19:58:00.914208Z","trade_id":"840739934"}
{"price":"98920.41","product_id":"BTC-USD","side":"BUY","size":"0.05090039","time":"2025-06-22T19:58:00.914208Z","trade_id":"840739933"}
{"price":"98920.42","product_id":"BTC-USD","side":"BUY","size":"0.01010913","time":"2025-06-22T19:58:00.914208Z","trade_id":"840739932"}
{"price":"98921.12","product_id":"BTC-USD","side":"BUY","size":"0.02029935","time":"2025-06-22T19:58:00.914208Z","trade_id":"840739931"}
{"price":"98921.67","product_id":"BTC-USD","side":"BUY","size":"0.01454603","time":"2025-06-22T19:58:00.914208Z","trade_id":"840739930"}
{"price":"98923.44","product_id":"BTC-USD","side":"BUY","size":"0.000012","time":"2025-06-22T19:58:00.914208Z","trade_id":"840739929"}
{"price":"98928.5","product_id":"BTC-USD","side":"BUY","size":"0.0085","time":"2025-06-22T19:58:00.914208Z","trade_id":"840739928"}
{"price":"98930","product_id":"BTC-USD","side":"BUY","size":"0.00503645","time":"2025-06-22T19:58:00.914208Z","trade_id":"840739927"}
{"price":"98930.01","product_id":"BTC-USD","side":"BUY","size":"0.00008989","time":"2025-06-22T19:58:00.914208Z","trade_id":"840739926"}
{"price":"98930.86","product_id":"BTC-USD","side":"BUY","size":"0.000012","time":"2025-06-22T19:58:00.914208Z","trade_id":"840739925"}
{"price":"98933.25","product_id":"BTC-USD","side":"BUY","size":"0.00045144","time":"2025-06-22T19:58:00.914208Z","trade_id":"840739924"}
{"price":"98937.21","product_id":"BTC-USD","side":"BUY","size":"0.01454603","time":"2025-06-22T19:58:00.817441Z","trade_id":"840739923"}
{"price":"98939.76","product_id":"BTC-USD","side":"BUY","size":"0.00000141","time":"2025-06-22T19:58:00.817441Z","trade_id":"840739922"}
{"price":"98940.9","product_id":"BTC-USD","side":"BUY","size":"0.00145111","time":"2025-06-22T19:58:00.817441Z","trade_id":"840739921"}
{"price":"98940.91","product_id":"BTC-USD","side":"SELL","size":"0.00200095","time":"2025-06-22T19:58:00.58345Z","trade_id":"840739920"}
{"price":"98940.93","product_id":"BTC-USD","side":"SELL","size":"0.00023519","time":"2025-06-22T19:58:00.350629Z","trade_id":"840739919"}
{"price":"98940.93","product_id":"BTC-USD","side":"SELL","size":"0.00180547","time":"2025-06-22T19:58:00.249229Z","trade_id":"840739918"}
{"price":"98940.91","product_id":"BTC-USD","side":"SELL","size":"0.00050026","time":"2025-06-22T19:57:59.653676Z","trade_id":"840739917"}
{"price":"98940.91","product_id":"BTC-USD","side":"SELL","size":"0.00500258","time":"2025-06-22T19:57:59.638067Z","trade_id":"840739916"}
{"price":"98940.91","product_id":"BTC-USD","side":"SELL","size":"0.025","time":"2025-06-22T19:57:59.603012Z","trade_id":"840739915"}
{"price":"98940.91","product_id":"BTC-USD","side":"SELL","size":"0.00071297","time":"2025-06-22T19:57:58.515181Z","trade_id":"840739914"}
{"price":"98940.91","product_id":"BTC-USD","side":"SELL","size":"0.00004132","time":"2025-06-22T19:57:58.464339Z","trade_id":"840739913"}
{"price":"98939.76","product_id":"BTC-USD","side":"BUY","size":"0.00000027","time":"2025-06-22T19:57:58.297776Z","trade_id":"840739912"}
{"price":"98940.91","product_id":"BTC-USD","side":"SELL","size":"0.0003803","time":"2025-06-22T19:57:58.157125Z","trade_id":"840739911"}
{"price":"98941.06","product_id":"BTC-USD","side":"BUY","size":"0.00000025","time":"2025-06-22T19:57:57.764139Z","trade_id":"840739910"}
{"price":"98948.64","product_id":"BTC-USD","side":"BUY","size":"0.01454603","time":"2025-06-22T19:57:57.718371Z","trade_id":"840739909"}
{"price":"98948.98","product_id":"BTC-USD","side":"BUY","size":"0.00058732","time":"2025-06-22T19:57:57.718371Z","trade_id":"840739908"}
{"price":"98949","product_id":"BTC-USD","side":"BUY","size":"0.00000222","time":"2025-06-22T19:57:57.718371Z","trade_id":"840739907"}
{"price":"98949","product_id":"BTC-USD","side":"BUY","size":"0.00000171","time":"2025-06-22T19:57:57.718371Z","trade_id":"840739906"}
{"price":"98949","product_id":"BTC-USD","side":"BUY","size":"0.00002951","time":"2025-06-22T19:57:57.718371Z","trade_id":"840739905"}
{"price":"98949","product_id":"BTC-USD","side":"BUY","size":"0.01304718","time":"2025-06-22T19:57:57.718371Z","trade_id":"840739904"}
{"price":"98949.01","product_id":"BTC-USD","side":"SELL","size":"0.00023517","time":"2025-06-22T19:57:57.417348Z","trade_id":"840739903"}
{"price":"98949.01","product_id":"BTC-USD","side":"SELL","size":"0.00000088","time":"2025-06-22T19:57:56.819401Z","trade_id":"840739902"}
{"price":"98949.01","product_id":"BTC-USD","side":"SELL","size":"0.00101292","time":"2025-06-22T19:57:56.31905Z","trade_id":"840739901"}
{"price":"98949.01","product_id":"BTC-USD","side":"SELL","size":"0.00017484","time":"2025-06-22T19:57:56.229382Z","trade_id":"840739900"}
{"price":"98949.01","product_id":"BTC-USD","side":"SELL","size":"0.00003702","time":"2025-06-22T19:57:56.229382Z","trade_id":"840739899"}
{"price":"98949.01","product_id":"BTC-USD","side":"SELL","size":"0.00000092","time":"2025-06-22T19:57:56.224384Z","trade_id":"840739898"}
{"price":"98949.01","product_id":"BTC-USD","side":"SELL","size":"0.00739582","time":"2025-06-22T19:57:55.991147Z","trade_id":"840739897"}
{"price":"98949.01","product_id":"BTC-USD","side":"SELL","size":"0.00096306","time":"2025-06-22T19:57:55.834648Z","trade_id":"840739896"}
{"price":"98949.01","product_id":"BTC-USD","side":"SELL","size":"0.00599718","time":"2025-06-22T19:57:55.575522Z","trade_id":"840739895"}
{"price":"98949.01","product_id":"BTC-USD","side":"SELL","size":"0.00000282","time":"2025-06-22T19:57:55.575522Z","trade_id":"840739894"}
{"price":"98949.01","product_id":"BTC-USD","side":"SELL","size":"0.00982126","time":"2025-06-22T19:57:54.703347Z","trade_id":"840739893"}
{"price":"98949.01","product_id":"BTC-USD","side":"SELL","size":"0.00047626","time":"2025-06-22T19:57:54.24774Z","trade_id":"840739892"}
{"price":"98949","product_id":"BTC-USD","side":"BUY","size":"0.00102304","time":"2025-06-22T19:57:54.025389Z","trade_id":"840739891"}
{"price":"98949.01","product_id":"BTC-USD","side":"SELL","size":"0.0002451","time":"2025-06-22T19:57:53.980093Z","trade_id":"840739890"}
{"price":"98949","product_id":"BTC-USD","side":"BUY","size":"0.00176878","time":"2025-06-22T19:57:53.763651Z","trade_id":"840739889"}
{"price":"98949.01","product_id":"BTC-USD","side":"SELL","size":"0.00056283","time":"2025-06-22T19:57:53.510372Z","trade_id":"840739888"}
{"price":"98949.01","product_id":"BTC-USD","side":"SELL","size":"0.00018518","time":"2025-06-22T19:57:52.972499Z","trade_id":"840739887"}
{"price":"98949.01","product_id":"BTC-USD","side":"SELL","size":"0.00171949","time":"2025-06-22T19:57:52.86009Z","trade_id":"840739886"}
{"price":"98932.39","product_id":"BTC-USD","side":"SELL","size":"0.00093853","time":"2025-06-22T19:58:09.914791Z","trade_id":"840739987"}
{"price":"98932.39","product_id":"BTC-USD","side":"SELL","size":"0.00406446","time":"2025-06-22T19:58:09.914791Z","trade_id":"840739986"}
{"price":"98914.02","product_id":"BTC-USD","side":"BUY","size":"0.01251432","time":"2025-06-22T19:58:10.069554Z","trade_id":"840739995"}
{"price":"98918.72","product_id":"BTC-USD","side":"BUY","size":"0.0101093","time":"2025-06-22T19:58:10.069554Z","trade_id":"840739994"}
{"price":"98920.92","product_id":"BTC-USD","side":"BUY","size":"0.00000141","time":"2025-06-22T19:58:10.069554Z","trade_id":"840739993"}
{"price":"98920.92","product_id":"BTC-USD","side":"BUY","size":"0.00025266","time":"2025-06-22T19:58:10.069554Z","trade_id":"840739992"}
{"price":"98920.93","product_id":"BTC-USD","side":"BUY","size":"0.01454603","time":"2025-06-22T19:58:10.069554Z","trade_id":"840739991"}
{"price":"98932.38","product_id":"BTC-USD","side":"BUY","size":"0.0000263","time":"2025-06-22T19:58:10.069554Z","trade_id":"840739990"}
{"price":"98932.38","product_id":"BTC-USD","side":"BUY","size":"0.01454603","time":"2025-06-22T19:58:10.069554Z","trade_id":"840739989"}
{"price":"98932.38","product_id":"BTC-USD","side":"BUY","size":"0.00008132","time":"2025-06-22T19:58:10.069554Z","trade_id":"840739988"}
{"price":"98928.71","product_id":"BTC-USD","side":"SELL","size":"0.00000085","time":"2025-06-22T19:58:10.481768Z","trade_id":"840739996"}
{"price":"98928.71","product_id":"BTC-USD","side":"SELL","size":"0.00025015","time":"2025-06-22T19:58:10.600915Z","trade_id":"840739997"}
{"price":"98928.71","product_id":"BTC-USD","side":"SELL","size":"0.0001852","time":"2025-06-22T19:58:10.811314Z","trade_id":"840739998"}
{"price":"98929.53","product_id":"BTC-USD","side":"SELL","size":"0.00024553","time":"2025-06-22T19:58:10.921074Z","trade_id":"840739999"}
{"price":"98932.88","product_id":"BTC-USD","side":"SELL","size":"0.008","time":"2025-06-22T19:58:11.039696Z","trade_id":"840740001"}
{"price":"98932.88","product_id":"BTC-USD","side":"SELL","size":"0.00000085","time":"2025-06-22T19:58:10.985259Z","trade_id":"840740000"}
{"price":"98925.89","product_id":"BTC-USD","side":"SELL","size":"0.02875731","time":"2025-06-22T19:58:11.147756Z","trade_id":"840740002"}
{"price":"98925.88","product_id":"BTC-USD","side":"BUY","size":"0.0010107","time":"2025-06-22T19:58:11.440679Z","trade_id":"840740003"}
{"price":"98925.89","product_id":"BTC-USD","side":"SELL","size":"0.0006711","time":"2025-06-22T19:58:11.460287Z","trade_id":"840740004"}
{"price":"98921.8","product_id":"BTC-USD","side":"BUY","size":"0.00008745","time":"2025-06-22T19:58:12.021981Z","trade_id":"840740010"}
{"price":"98921.8","product_id":"BTC-USD","side":"BUY","size":"0.00000027","time":"2025-06-22T19:58:12.018018Z","trade_id":"840740009"}
{"price":"98921.75","product_id":"BTC-USD","side":"BUY","size":"0.00000141","time":"2025-06-22T19:58:12.003383Z","trade_id":"840740008"}
{"price":"98921.8","product_id":"BTC-USD","side":"BUY","size":"0.00070506","time":"2025-06-22T19:58:12.003383Z","trade_id":"840740007"}
{"price":"98925.88","product_id":"BTC-USD","side":"BUY","size":"0.01454603","time":"2025-06-22T19:58:11.994411Z","trade_id":"840740006"}
{"price":"98925.88","product_id":"BTC-USD","side":"BUY","size":"0.00008716","time":"2025-06-22T19:58:11.994411Z","trade_id":"840740005"}
{"price":"98913.58","product_id":"BTC-USD","side":"BUY","size":"0.00000027","time":"2025-06-22T19:58:12.529385Z","trade_id":"840740011"}
{"price":"98913.59","product_id":"BTC-USD","side":"SELL","size":"0.00048039","time":"2025-06-22T19:58:12.685161Z","trade_id":"840740012"}
{"price":"98913.59","product_id":"BTC-USD","side":"SELL","size":"0.00088574","time":"2025-06-22T19:58:13.055323Z","trade_id":"840740014"}
{"price":"98913.58","product_id":"BTC-USD","side":"SELL","size":"0.00007763","time":"2025-06-22T19:58:13.055323Z","trade_id":"840740013"}
{"price":"98913.56","product_id":"BTC-USD","side":"BUY","size":"0.00057882","time":"2025-06-22T19:58:13.515893Z","trade_id":"840740016"}
{"price":"98913.57","product_id":"BTC-USD","side":"BUY","size":"0.00008476","time":"2025-06-22T19:58:13.515893Z","trade_id":"840740015"}
{"price":"98916.18","product_id":"BTC-USD","side":"SELL","size":"0.00096053","time":"2025-06-22T19:58:14.28331Z","trade_id":"840740019"}
{"price":"98913.59","product_id":"BTC-USD","side":"SELL","size":"0.00003654","time":"2025-06-22T19:58:14.28331Z","trade_id":"840740018"}
{"price":"98913.59","product_id":"BTC-USD","side":"SELL","size":"0.00000293","time":"2025-06-22T19:58:14.28331Z","trade_id":"840740017"}
{"price":"98916.19","product_id":"BTC-USD","side":"SELL","size":"0.00425941","time":"2025-06-22T19:58:14.438042Z","trade_id":"840740021"}
{"price":"98916.18","product_id":"BTC-USD","side":"SELL","size":"0.0000365","time":"2025-06-22T19:58:14.438042Z","trade_id":"840740020"}
{"price":"98916.19","product_id":"BTC-USD","side":"SELL","size":"0.0000001","time":"2025-06-22T19:58:14.531915Z","trade_id":"840740025"}
{"price":"98916.19","product_id":"BTC-USD","side":"SELL","size":"0.0000007","time":"2025-06-22T19:58:14.512126Z","trade_id":"840740024"}
{"price":"98916.19","product_id":"BTC-USD","side":"SELL","size":"0.00146406","time":"2025-06-22T19:58:14.49287Z","trade_id":"840740023"}
{"price":"98916.18","product_id":"BTC-USD","side":"SELL","size":"0.0000365","time":"2025-06-22T19:58:14.49287Z","trade_id":"840740022"}
{"price":"98924.11","product_id":"BTC-USD","side":"SELL","size":"0.02306589","time":"2025-06-22T19:58:14.730853Z","trade_id":"840740031"}
{"price":"98924.11","product_id":"BTC-USD","side":"SELL","size":"0.04390129","time":"2025-06-22T19:58:14.724779Z","trade_id":"840740030"}
{"price":"98917.6","product_id":"BTC-USD","side":"SELL","size":"0.01261275","time":"2025-06-22T19:58:14.712607Z","trade_id":"840740029"}
{"price":"98917.6","product_id":"BTC-USD","side":"SELL","size":"0.01216418","time":"2025-06-22T19:58:14.712386Z","trade_id":"840740028"}
{"price":"98917.6","product_id":"BTC-USD","side":"SELL","size":"0.02522307","time":"2025-06-22T19:58:14.707859Z","trade_id":"840740027"}
{"price":"98917.55","product_id":"BTC-USD","side":"SELL","size":"0.05","time":"2025-06-22T19:58:14.707859Z","trade_id":"840740026"}
{"price":"98923.61","product_id":"BTC-USD","side":"SELL","size":"0.0085714","time":"2025-06-22T19:58:15.144328Z","trade_id":"840740032"}
{"price":"98915.68","product_id":"BTC-USD","side":"BUY","size":"0.05968499","time":"2025-06-22T19:58:15.620857Z","trade_id":"840740040"}
{"price":"98915.69","product_id":"BTC-USD","side":"BUY","size":"0.0424604","time":"2025-06-22T19:58:15.620857Z","trade_id":"840740039"}
{"price":"98916.17","product_id":"BTC-USD","side":"BUY","size":"0.00025267","time":"2025-06-22T19:58:15.620857Z","trade_id":"840740038"}
{"price":"98916.18","product_id":"BTC-USD","side":"BUY","size":"0.00008252","time":"2025-06-22T19:58:15.620857Z","trade_id":"840740037"}
{"price":"98916.21","product_id":"BTC-USD","side":"BUY","size":"0.0214525","time":"2025-06-22T19:58:15.620857Z","trade_id":"840740036"}
{"price":"98916.22","product_id":"BTC-USD","side":"BUY","size":"0.01307261","time":"2025-06-22T19:58:15.620857Z","trade_id":"840740035"}
{"price":"98923.6","product_id":"BTC-USD","side":"BUY","size":"0.01454603","time":"2025-06-22T19:58:15.620857Z","trade_id":"840740034"}
{"price":"98923.61","product_id":"BTC-USD","side":"SELL","size":"0.00392953","time":"2025-06-22T19:58:15.577987Z","trade_id":"840740033"}
{"price":"98927.89","product_id":"BTC-USD","side":"SELL","size":"0.00187519","time":"2025-06-22T19:58:15.988519Z","trade_id":"840740042"}
{"price":"98927.88","product_id":"BTC-USD","side":"SELL","size":"0.00008898","time":"2025-06-22T19:58:15.988519Z","trade_id":"840740041"}
{"price":"98927.88","product_id":"BTC-USD","side":"SELL","size":"0.0001852","time":"2025-06-22T19:58:16.395525Z","trade_id":"840740043"}
{"price":"98927.88","product_id":"BTC-USD","side":"SELL","size":"0.00100087","time":"2025-06-22T19:58:16.663048Z","trade_id":"840740044"}
{"price":"98939.48","product_id":"BTC-USD","side":"SELL","size":"0.00010513","time":"2025-06-22T19:58:17.583372Z","trade_id":"840740045"}
{"price":"98938.22","product_id":"BTC-USD","side":"BUY","size":"0.00195647","time":"2025-06-22T19:58:17.733555Z","trade_id":"840740048"}
{"price":"98938.25","product_id":"BTC-USD","side":"BUY","size":"0.00000283","time":"2025-06-22T19:58:17.733555Z","trade_id":"840740047"}
{"price":"98939.47","product_id":"BTC-USD","side":"BUY","size":"0.0000825","time":"2025-06-22T19:58:17.733555Z","trade_id":"840740046"}
{"price":"98936.34","product_id":"BTC-USD","side":"SELL","size":"0.00030025","time":"2025-06-22T19:58:18.129616Z","trade_id":"840740049"}
{"price":"98936.33","product_id":"BTC-USD","side":"BUY","size":"0.00033978","time":"2025-06-22T19:58:18.333939Z","trade_id":"840740050"}
{"price":"98928.44","product_id":"BTC-USD","side":"BUY","size":"0.00101117","time":"2025-06-22T19:58:18.931742Z","trade_id":"840740054"}
{"price":"98936.33","product_id":"BTC-USD","side":"BUY","size":"0.00000272","time":"2025-06-22T19:58:18.931742Z","trade_id":"840740053"}
{"price":"98936.35","product_id":"BTC-USD","side":"BUY","size":"0.00008154","time":"2025-06-22T19:58:18.931742Z","trade_id":"840740052"}
{"price":"98936.35","product_id":"BTC-USD","side":"BUY","size":"0.01454603","time":"2025-06-22T19:58:18.931742Z","trade_id":"840740051"}
{"price":"98866.61","product_id":"BTC-USD","side":"BUY","size":"0.00002441","time":"2025-06-22T20:03:26.20274Z","trade_id":"840742187"}
{"price":"98866.62","product_id":"BTC-USD","side":"SELL","size":"0.00758682","time":"2025-06-22T20:03:26.146788Z","trade_id":"840742186"}
{"price":"98866.61","product_id":"BTC-USD","side":"BUY","size":"0.00000146","time":"2025-06-22T20:03:26.092404Z","trade_id":"840742185"}
{"price":"98866.61","product_id":"BTC-USD","side":"BUY","size":"0.00000151","time":"2025-06-22T20:03:26.092404Z","trade_id":"840742184"}
{"price":"98866.61","product_id":"BTC-USD","side":"BUY","size":"0.00000111","time":"2025-06-22T20:03:25.73738Z","trade_id":"840742183"}
{"price":"98866.62","product_id":"BTC-USD","side":"SELL","size":"0.00141","time":"2025-06-22T20:03:25.452499Z","trade_id":"840742182"}
{"price":"98866.61","product_id":"BTC-USD","side":"BUY","size":"0.00001933","time":"2025-06-22T20:03:25.351387Z","trade_id":"840742181"}
{"price":"98866.62","product_id":"BTC-USD","side":"SELL","size":"0.0002504","time":"2025-06-22T20:03:25.333379Z","trade_id":"840742180"}
{"price":"98866.61","product_id":"BTC-USD","side":"BUY","size":"0.0000025","time":"2025-06-22T20:03:25.052034Z","trade_id":"840742179"}
{"price":"98866.61","product_id":"BTC-USD","side":"BUY","size":"0.004","time":"2025-06-22T20:03:24.900573Z","trade_id":"840742178"}
{"price":"98866.61","product_id":"BTC-USD","side":"BUY","size":"0.00218582","time":"2025-06-22T20:03:24.742614Z","trade_id":"840742177"}
{"price":"98866.62","product_id":"BTC-USD","side":"SELL","size":"0.00479705","time":"2025-06-22T20:03:24.63706Z","trade_id":"840742176"}
{"price":"98866.62","product_id":"BTC-USD","side":"SELL","size":"0.00047","time":"2025-06-22T20:03:24.442448Z","trade_id":"840742175"}
{"price":"98866.62","product_id":"BTC-USD","side":"SELL","size":"0.0000011","time":"2025-06-22T20:03:24.373716Z","trade_id":"840742174"}
{"price":"98866.62","product_id":"BTC-USD","side":"SELL","size":"0.00096348","time":"2025-06-22T20:03:24.345112Z","trade_id":"840742173"}
{"price":"98866.62","product_id":"BTC-USD","side":"SELL","size":"0.00491584","time":"2025-06-22T20:03:24.079158Z","trade_id":"840742172"}
{"price":"98866.62","product_id":"BTC-USD","side":"SELL","size":"0.00009019","time":"2025-06-22T20:03:24.000959Z","trade_id":"840742171"}
{"price":"98866.62","product_id":"BTC-USD","side":"SELL","size":"0.00068665","time":"2025-06-22T20:03:23.676521Z","trade_id":"840742170"}
{"price":"98866.62","product_id":"BTC-USD","side":"SELL","size":"0.0000025","time":"2025-06-22T20:03:23.640443Z","trade_id":"840742169"}
{"price":"98866.61","product_id":"BTC-USD","side":"BUY","size":"0.00196143","time":"2025-06-22T20:03:23.545627Z","trade_id":"840742168"}
{"price":"98866.62","product_id":"BTC-USD","side":"SELL","size":"0.00287685","time":"2025-06-22T20:03:23.282592Z","trade_id":"840742167"}
{"price":"98866.62","product_id":"BTC-USD","side":"SELL","size":"0.0001453","time":"2025-06-22T20:03:23.157791Z","trade_id":"840742166"}
{"price":"98866.62","product_id":"BTC-USD","side":"BUY","size":"0.00000112","time":"2025-06-22T20:03:22.977256Z","trade_id":"840742165"}
{"price":"98868.75","product_id":"BTC-USD","side":"SELL","size":"0.00041901","time":"2025-06-22T20:03:22.859937Z","trade_id":"840742164"}
{"price":"98868.71","product_id":"BTC-USD","side":"SELL","size":"0.01011442","time":"2025-06-22T20:03:22.859937Z","trade_id":"840742163"}
{"price":"98863.91","product_id":"BTC-USD","side":"SELL","size":"0.00000273","time":"2025-06-22T20:03:22.859937Z","trade_id":"840742162"}
{"price":"98863.91","product_id":"BTC-USD","side":"SELL","size":"0.02146384","time":"2025-06-22T20:03:22.859937Z","trade_id":"840742161"}
{"price":"98863.89","product_id":"BTC-USD","side":"BUY","size":"0.0000025","time":"2025-06-22T20:03:22.267978Z","trade_id":"840742160"}
{"price":"98863.88","product_id":"BTC-USD","side":"BUY","size":"0.01130855","time":"2025-06-22T20:03:22.094453Z","trade_id":"840742159"}
{"price":"98863.9","product_id":"BTC-USD","side":"BUY","size":"0.00061693","time":"2025-06-22T20:03:22.094453Z","trade_id":"840742158"}
{"price":"98863.92","product_id":"BTC-USD","side":"BUY","size":"0.00007452","time":"2025-06-22T20:03:22.094453Z","trade_id":"840742157"}
{"price":"98863.93","product_id":"BTC-USD","side":"SELL","size":"0.00884175","time":"2025-06-22T20:03:21.926415Z","trade_id":"840742156"}
{"price":"98865.59","product_id":"BTC-USD","side":"SELL","size":"0.00000112","time":"2025-06-22T20:03:21.753714Z","trade_id":"840742155"}
{"price":"98868.76","product_id":"BTC-USD","side":"SELL","size":"0.0050572","time":"2025-06-22T20:03:21.583503Z","trade_id":"840742154"}
{"price":"98862.15","product_id":"BTC-USD","side":"SELL","size":"0.00000253","time":"2025-06-22T20:03:21.028423Z","trade_id":"840742153"}
{"price":"98840.85","product_id":"BTC-USD","side":"SELL","size":"0.00845469","time":"2025-06-22T20:03:20.319052Z","trade_id":"840742152"}
{"price":"98840.85","product_id":"BTC-USD","side":"SELL","size":"0.01301416","time":"2025-06-22T20:03:20.318136Z","trade_id":"840742151"}
{"price":"98843.89","product_id":"BTC-USD","side":"SELL","size":"0.04117281","time":"2025-06-22T20:03:20.31732Z","trade_id":"840742150"}
{"price":"98843.87","product_id":"BTC-USD","side":"SELL","size":"0.00004885","time":"2025-06-22T20:03:20.31732Z","trade_id":"840742149"}
{"price":"98842.01","product_id":"BTC-USD","side":"SELL","size":"0.00000283","time":"2025-06-22T20:03:20.31732Z","trade_id":"840742148"}
{"price":"98839.72","product_id":"BTC-USD","side":"SELL","size":"0.0214691","time":"2025-06-22T20:03:20.312863Z","trade_id":"840742147"}
{"price":"98839.62","product_id":"BTC-USD","side":"SELL","size":"0.02694156","time":"2025-06-22T20:03:20.312863Z","trade_id":"840742146"}
{"price":"98834.27","product_id":"BTC-USD","side":"BUY","size":"0.00047914","time":"2025-06-22T20:03:20.294802Z","trade_id":"840742145"}
{"price":"98839.61","product_id":"BTC-USD","side":"BUY","size":"0.00007071","time":"2025-06-22T20:03:20.294802Z","trade_id":"840742144"}
{"price":"98839.61","product_id":"BTC-USD","side":"BUY","size":"0.00852891","time":"2025-06-22T20:03:20.294802Z","trade_id":"840742143"}
{"price":"98839.61","product_id":"BTC-USD","side":"BUY","size":"0.00000109","time":"2025-06-22T20:03:20.186216Z","trade_id":"840742142"}
{"price":"98839.62","product_id":"BTC-USD","side":"SELL","size":"0.00196465","time":"2025-06-22T20:03:20.028529Z","trade_id":"840742141"}
{"price":"98839.62","product_id":"BTC-USD","side":"SELL","size":"0.00138896","time":"2025-06-22T20:03:19.924353Z","trade_id":"840742140"}
{"price":"98839.61","product_id":"BTC-USD","side":"SELL","size":"0.00009089","time":"2025-06-22T20:03:19.924353Z","trade_id":"840742139"}
{"price":"98839.45","product_id":"BTC-USD","side":"SELL","size":"0.00097691","time":"2025-06-22T20:03:19.924353Z","trade_id":"840742138"}
{"price":"98839.61","product_id":"BTC-USD","side":"BUY","size":"0.00006967","time":"2025-06-22T20:03:19.898133Z","trade_id":"840742137"}
{"price":"98839.61","product_id":"BTC-USD","side":"BUY","size":"0.00853","time":"2025-06-22T20:03:19.898133Z","trade_id":"840742136"}
{"price":"98839.52","product_id":"BTC-USD","side":"BUY","size":"0.00000255","time":"2025-06-22T20:03:19.634798Z","trade_id":"840742135"}
{"price":"98836.33","product_id":"BTC-USD","side":"BUY","size":"0.00460465","time":"2025-06-22T20:03:19.449241Z","trade_id":"840742134"}
{"price":"98834.7","product_id":"BTC-USD","side":"SELL","size":"0.00049239","time":"2025-06-22T20:03:19.228584Z","trade_id":"840742133"}
{"price":"98834.68","product_id":"BTC-USD","side":"SELL","size":"0.00001338","time":"2025-06-22T20:03:19.228584Z","trade_id":"840742132"}
{"price":"98834.68","product_id":"BTC-USD","side":"SELL","size":"0.00096353","time":"2025-06-22T20:03:19.179517Z","trade_id":"840742131"}
{"price":"98831.74","product_id":"BTC-USD","side":"SELL","size":"0.00000112","time":"2025-06-22T20:03:18.813955Z","trade_id":"840742130"}
{"price":"98834.68","product_id":"BTC-USD","side":"SELL","size":"0.00102582","time":"2025-06-22T20:03:18.494111Z","trade_id":"840742129"}
{"price":"98834.67","product_id":"BTC-USD","side":"BUY","size":"0.00051066","time":"2025-06-22T20:03:18.42926Z","trade_id":"840742128"}
{"price":"98834.09","product_id":"BTC-USD","side":"BUY","size":"0.00146797","time":"2025-06-22T20:03:18.400217Z","trade_id":"840742127"}
{"price":"98834.1","product_id":"BTC-USD","side":"BUY","size":"0.00008991","time":"2025-06-22T20:03:18.400217Z","trade_id":"840742126"}
{"price":"98838","product_id":"BTC-USD","side":"BUY","size":"0.00000124","time":"2025-06-22T20:03:18.400217Z","trade_id":"840742125"}
{"price":"98840.79","product_id":"BTC-USD","side":"BUY","size":"0.00039983","time":"2025-06-22T20:03:18.400217Z","trade_id":"840742124"}
{"price":"98842","product_id":"BTC-USD","side":"BUY","size":"0.00000141","time":"2025-06-22T20:03:18.400217Z","trade_id":"840742123"}
{"price":"98842","product_id":"BTC-USD","side":"BUY","size":"0.00000141","time":"2025-06-22T20:03:18.400217Z","trade_id":"840742122"}
{"price":"98842","product_id":"BTC-USD","side":"BUY","size":"0.00053823","time":"2025-06-22T20:03:18.400217Z","trade_id":"840742121"}
{"price":"98842.01","product_id":"BTC-USD","side":"SELL","size":"0.00000256","time":"2025-06-22T20:03:18.260722Z","trade_id":"840742120"}
{"price":"98842.01","product_id":"BTC-USD","side":"SELL","size":"0.00982545","time":"2025-06-22T20:03:17.823198Z","trade_id":"840742119"}
{"price":"98842.01","product_id":"BTC-USD","side":"SELL","size":"0.01961172","time":"2025-06-22T20:03:17.679962Z","trade_id":"840742118"}
{"price":"98842.01","product_id":"BTC-USD","side":"SELL","size":"0.00004226","time":"2025-06-22T20:03:17.679962Z","trade_id":"840742117"}
{"price":"98842","product_id":"BTC-USD","side":"BUY","size":"0.00000111","time":"2025-06-22T20:03:17.429727Z","trade_id":"840742116"}
{"price":"98842.01","product_id":"BTC-USD","side":"SELL","size":"0.00096365","time":"2025-06-22T20:03:17.302288Z","trade_id":"840742115"}
{"price":"98842.01","product_id":"BTC-USD","side":"SELL","size":"0.00096394","time":"2025-06-22T20:03:17.291603Z","trade_id":"840742114"}
{"price":"98842.01","product_id":"BTC-USD","side":"SELL","size":"0.01004029","time":"2025-06-22T20:03:17.173314Z","trade_id":"840742113"}
{"price":"98842","product_id":"BTC-USD","side":"BUY","size":"0.00000124","time":"2025-06-22T20:03:16.898668Z","trade_id":"840742112"}
{"price":"98842","product_id":"BTC-USD","side":"BUY","size":"0.00000124","time":"2025-06-22T20:03:16.898668Z","trade_id":"840742111"}
{"price":"98847.66","product_id":"BTC-USD","side":"SELL","size":"0.00000109","time":"2025-06-22T20:03:16.102341Z","trade_id":"840742110"}
{"price":"98848.08","product_id":"BTC-USD","side":"SELL","size":"0.00206124","time":"2025-06-22T20:03:15.936061Z","trade_id":"840742109"}
{"price":"98842.21","product_id":"BTC-USD","side":"SELL","size":"0.00097691","time":"2025-06-22T20:03:15.936061Z","trade_id":"840742108"}
{"price":"98850.67","product_id":"BTC-USD","side":"SELL","size":"0.00049","time":"2025-06-22T20:03:15.89058Z","trade_id":"840742107"}
{"price":"98858.52","product_id":"BTC-USD","side":"BUY","size":"0.00008988","time":"2025-06-22T20:03:15.866603Z","trade_id":"840742106"}
{"price":"98858.52","product_id":"BTC-USD","side":"BUY","size":"0.00000131","time":"2025-06-22T20:03:15.866603Z","trade_id":"840742105"}
{"price":"98858.52","product_id":"BTC-USD","side":"BUY","size":"0.02411155","time":"2025-06-22T20:03:15.823954Z","trade_id":"840742104"}
{"price":"98858.53","product_id":"BTC-USD","side":"BUY","size":"0.00008988","time":"2025-06-22T20:03:15.823954Z","trade_id":"840742103"}
{"price":"98867.66","product_id":"BTC-USD","side":"BUY","size":"0.00097691","time":"2025-06-22T20:03:15.812178Z","trade_id":"840742102"}
{"price":"98861.02","product_id":"BTC-USD","side":"BUY","size":"0.01452086","time":"2025-06-22T20:03:15.811364Z","trade_id":"840742101"}
{"price":"98861.04","product_id":"BTC-USD","side":"BUY","size":"0.00068232","time":"2025-06-22T20:03:15.811364Z","trade_id":"840742100"}
{"price":"98861.05","product_id":"BTC-USD","side":"BUY","size":"0.00008988","time":"2025-06-22T20:03:15.811364Z","trade_id":"840742099"}
{"price":"98861.07","product_id":"BTC-USD","side":"BUY","size":"0.00000283","time":"2025-06-22T20:03:15.811364Z","trade_id":"840742098"}
{"price":"98863.22","product_id":"BTC-USD","side":"BUY","size":"0.00097691","time":"2025-06-22T20:03:15.811364Z","trade_id":"840742097"}
{"price":"98865.68","product_id":"BTC-USD","side":"BUY","size":"0.00097691","time":"2025-06-22T20:03:15.81117Z","trade_id":"840742096"}
{"price":"98863.21","product_id":"BTC-USD","side":"BUY","size":"0.01011498","time":"2025-06-22T20:03:15.80547Z","trade_id":"840742095"}
{"price":"98868.76","product_id":"BTC-USD","side":"BUY","size":"0.1282","time":"2025-06-22T20:03:15.802846Z","trade_id":"840742094"}
{"price":"98868.76","product_id":"BTC-USD","side":"BUY","size":"0.00097691","time":"2025-06-22T20:03:15.802846Z","trade_id":"840742093"}
{"price":"98868.76","product_id":"BTC-USD","side":"BUY","size":"0.01895","time":"2025-06-22T20:03:15.802846Z","trade_id":"840742092"}
{"price":"98866.04","product_id":"BTC-USD","side":"SELL","size":"0.00980174","time":"2025-06-22T20:03:15.703532Z","trade_id":"840742091"}
{"price":"98865.97","product_id":"BTC-USD","side":"SELL","size":"0.00035978","time":"2025-06-22T20:03:15.616628Z","trade_id":"840742090"}
{"price":"98865.95","product_id":"BTC-USD","side":"SELL","size":"0.0049105","time":"2025-06-22T20:03:15.530905Z","trade_id":"840742089"}
{"price":"98865.95","product_id":"BTC-USD","side":"SELL","size":"0.00000251","time":"2025-06-22T20:03:15.517004Z","trade_id":"840742088"}
{"price":"98868.77","product_id":"BTC-USD","side":"SELL","size":"0.00100133","time":"2025-06-22T20:03:26.638393Z","trade_id":"840742189"}
{"price":"98868.77","product_id":"BTC-USD","side":"SELL","size":"0.00000257","time":"2025-06-22T20:03:26.594488Z","trade_id":"840742188"}
{"price":"98868.77","product_id":"BTC-USD","side":"SELL","size":"0.00000112","time":"2025-06-22T20:03:27.105309Z","trade_id":"840742190"}
{"price":"98868.86","product_id":"BTC-USD","side":"SELL","size":"0.00166456","time":"2025-06-22T20:03:27.393275Z","trade_id":"840742193"}
{"price":"98868.77","product_id":"BTC-USD","side":"SELL","size":"0.00000544","time":"2025-06-22T20:03:27.393275Z","trade_id":"840742192"}
{"price":"98868.77","product_id":"BTC-USD","side":"SELL","size":"0.00047","time":"2025-06-22T20:03:27.392494Z","trade_id":"840742191"}
{"price":"98879.65","product_id":"BTC-USD","side":"BUY","size":"0.00000251","time":"2025-06-22T20:03:27.875066Z","trade_id":"840742194"}
{"price":"98879.66","product_id":"BTC-USD","side":"SELL","size":"0.00004016","time":"2025-06-22T20:03:28.172204Z","trade_id":"840742195"}
{"price":"98879.65","product_id":"BTC-USD","side":"BUY","size":"0.00045985","time":"2025-06-22T20:03:28.36277Z","trade_id":"840742196"}
{"price":"98879.65","product_id":"BTC-USD","side":"BUY","size":"0.00000112","time":"2025-06-22T20:03:28.722447Z","trade_id":"840742197"}
{"price":"98876.39","product_id":"BTC-USD","side":"BUY","size":"0.01399091","time":"2025-06-22T20:03:28.986988Z","trade_id":"840742202"}
{"price":"98876.4","product_id":"BTC-USD","side":"BUY","size":"0.0000285","time":"2025-06-22T20:03:28.986988Z","trade_id":"840742201"}
{"price":"98876.4","product_id":"BTC-USD","side":"BUY","size":"0.02646634","time":"2025-06-22T20:03:28.986988Z","trade_id":"840742200"}
{"price":"98876.41","product_id":"BTC-USD","side":"BUY","size":"0.00006825","time":"2025-06-22T20:03:28.986988Z","trade_id":"840742199"}
{"price":"98879.65","product_id":"BTC-USD","side":"BUY","size":"0.00000141","time":"2025-06-22T20:03:28.986988Z","trade_id":"840742198"}
{"price":"98879.64","product_id":"BTC-USD","side":"BUY","size":"0.00006391","time":"2025-06-22T20:03:29.05954Z","trade_id":"840742203"}
{"price":"98852.66","product_id":"BTC-USD","side":"SELL","size":"0.00022992","time":"2025-06-22T20:04:38.849703Z","trade_id":"840742677"}
{"price":"98852.64","product_id":"BTC-USD","side":"SELL","size":"0.00000556","time":"2025-06-22T20:04:38.849703Z","trade_id":"840742676"}
{"price":"98852.64","product_id":"BTC-USD","side":"SELL","size":"0.00550303","time":"2025-06-22T20:04:38.51479Z","trade_id":"840742675"}
{"price":"98852.64","product_id":"BTC-USD","side":"SELL","size":"0.00081341","time":"2025-06-22T20:04:38.509261Z","trade_id":"840742674"}
{"price":"98852.6","product_id":"BTC-USD","side":"SELL","size":"0.01126332","time":"2025-06-22T20:04:38.509261Z","trade_id":"840742673"}
{"price":"98852.6","product_id":"BTC-USD","side":"SELL","size":"0.00019912","time":"2025-06-22T20:04:38.496143Z","trade_id":"840742672"}
{"price":"98852.63","product_id":"BTC-USD","side":"BUY","size":"0.00202293","time":"2025-06-22T20:04:38.208177Z","trade_id":"840742671"}
{"price":"98852.63","product_id":"BTC-USD","side":"BUY","size":"0.00202293","time":"2025-06-22T20:04:38.192625Z","trade_id":"840742670"}
{"price":"98852.64","product_id":"BTC-USD","side":"SELL","size":"0.00000111","time":"2025-06-22T20:04:38.070245Z","trade_id":"840742669"}
{"price":"98852.64","product_id":"BTC-USD","side":"SELL","size":"0.00491569","time":"2025-06-22T20:04:38.038421Z","trade_id":"840742668"}
{"price":"98852.64","product_id":"BTC-USD","side":"SELL","size":"0.00015024","time":"2025-06-22T20:04:37.975261Z","trade_id":"840742667"}
{"price":"98852.64","product_id":"BTC-USD","side":"SELL","size":"0.00018541","time":"2025-06-22T20:04:37.878823Z","trade_id":"840742666"}
{"price":"98852.64","product_id":"BTC-USD","side":"SELL","size":"0.00000256","time":"2025-06-22T20:04:37.442847Z","trade_id":"840742665"}
{"price":"98852.59","product_id":"BTC-USD","side":"BUY","size":"0.00000111","time":"2025-06-22T20:04:36.839493Z","trade_id":"840742664"}
{"price":"98849.33","product_id":"BTC-USD","side":"SELL","size":"0.00494927","time":"2025-06-22T20:04:36.487164Z","trade_id":"840742663"}
{"price":"98849.33","product_id":"BTC-USD","side":"SELL","size":"0.0001854","time":"2025-06-22T20:04:36.373569Z","trade_id":"840742662"}
{"price":"98849.33","product_id":"BTC-USD","side":"SELL","size":"0.00006874","time":"2025-06-22T20:04:36.356945Z","trade_id":"840742661"}
{"price":"98846.86","product_id":"BTC-USD","side":"SELL","size":"0.00011292","time":"2025-06-22T20:04:36.356945Z","trade_id":"840742660"}
{"price":"98846.86","product_id":"BTC-USD","side":"SELL","size":"0.00030048","time":"2025-06-22T20:04:36.198756Z","trade_id":"840742659"}
{"price":"98852.39","product_id":"BTC-USD","side":"BUY","size":"0.00692289","time":"2025-06-22T20:04:36.174492Z","trade_id":"840742658"}
{"price":"98852.48","product_id":"BTC-USD","side":"BUY","size":"0.00202286","time":"2025-06-22T20:04:36.174492Z","trade_id":"840742657"}
{"price":"98852.49","product_id":"BTC-USD","side":"SELL","size":"0.00018539","time":"2025-06-22T20:04:36.09789Z","trade_id":"840742656"}
{"price":"98836.38","product_id":"BTC-USD","side":"BUY","size":"0.00000255","time":"2025-06-22T20:04:36.00632Z","trade_id":"840742655"}
{"price":"98852.64","product_id":"BTC-USD","side":"SELL","size":"0.00737343","time":"2025-06-22T20:04:35.754858Z","trade_id":"840742654"}
{"price":"98852.64","product_id":"BTC-USD","side":"SELL","size":"0.00013531","time":"2025-06-22T20:04:35.554032Z","trade_id":"840742653"}
{"price":"98852.64","product_id":"BTC-USD","side":"SELL","size":"0.00000109","time":"2025-06-22T20:04:35.332605Z","trade_id":"840742652"}
{"price":"98842.74","product_id":"BTC-USD","side":"BUY","size":"0.08198046","time":"2025-06-22T20:04:35.25468Z","trade_id":"840742651"}
{"price":"98846.85","product_id":"BTC-USD","side":"BUY","size":"0.00002631","time":"2025-06-22T20:04:35.25468Z","trade_id":"840742650"}
{"price":"98846.86","product_id":"BTC-USD","side":"BUY","size":"0.035","time":"2025-06-22T20:04:35.25468Z","trade_id":"840742649"}
{"price":"98846.87","product_id":"BTC-USD","side":"BUY","size":"0.00423728","time":"2025-06-22T20:04:35.25468Z","trade_id":"840742648"}
{"price":"98847.18","product_id":"BTC-USD","side":"BUY","size":"0.02146748","time":"2025-06-22T20:04:35.25468Z","trade_id":"840742647"}
{"price":"98851.82","product_id":"BTC-USD","side":"BUY","size":"0.04152338","time":"2025-06-22T20:04:35.25468Z","trade_id":"840742646"}
{"price":"98852.63","product_id":"BTC-USD","side":"BUY","size":"0.00202286","time":"2025-06-22T20:04:35.25468Z","trade_id":"840742645"}
{"price":"98852.63","product_id":"BTC-USD","side":"BUY","size":"0.1282","time":"2025-06-22T20:04:35.25468Z","trade_id":"840742644"}
{"price":"98852.63","product_id":"BTC-USD","side":"BUY","size":"0.00853","time":"2025-06-22T20:04:35.25468Z","trade_id":"840742643"}
{"price":"98852.64","product_id":"BTC-USD","side":"SELL","size":"0.00049912","time":"2025-06-22T20:04:35.234106Z","trade_id":"840742642"}
{"price":"98846.86","product_id":"BTC-USD","side":"SELL","size":"0.00000283","time":"2025-06-22T20:04:35.234106Z","trade_id":"840742641"}
{"price":"98846.84","product_id":"BTC-USD","side":"BUY","size":"0.00202316","time":"2025-06-22T20:04:34.681166Z","trade_id":"840742640"}
{"price":"98846.85","product_id":"BTC-USD","side":"SELL","size":"0.00000248","time":"2025-06-22T20:04:34.644212Z","trade_id":"840742639"}
{"price":"98839.87","product_id":"BTC-USD","side":"SELL","size":"0.00023546","time":"2025-06-22T20:04:34.610038Z","trade_id":"840742638"}
{"price":"98833.33","product_id":"BTC-USD","side":"SELL","size":"0.00352715","time":"2025-06-22T20:04:34.441029Z","trade_id":"840742637"}
{"price":"98833.32","product_id":"BTC-USD","side":"BUY","size":"0.00000111","time":"2025-06-22T20:04:34.102892Z","trade_id":"840742636"}
{"price":"98833.32","product_id":"BTC-USD","side":"BUY","size":"0.00396989","time":"2025-06-22T20:04:33.549874Z","trade_id":"840742635"}
{"price":"98833.33","product_id":"BTC-USD","side":"SELL","size":"0.00008022","time":"2025-06-22T20:04:33.520756Z","trade_id":"840742634"}
{"price":"98833.31","product_id":"BTC-USD","side":"BUY","size":"0.00000253","time":"2025-06-22T20:04:33.260859Z","trade_id":"840742633"}
{"price":"98833.32","product_id":"BTC-USD","side":"SELL","size":"0.00004016","time":"2025-06-22T20:04:32.957778Z","trade_id":"840742632"}
{"price":"98833.32","product_id":"BTC-USD","side":"SELL","size":"0.00048858","time":"2025-06-22T20:04:32.677741Z","trade_id":"840742631"}
{"price":"98833.32","product_id":"BTC-USD","side":"SELL","size":"0.00000111","time":"2025-06-22T20:04:32.582614Z","trade_id":"840742630"}
{"price":"98835.03","product_id":"BTC-USD","side":"BUY","size":"0.00155736","time":"2025-06-22T20:04:32.057178Z","trade_id":"840742629"}
{"price":"98839.56","product_id":"BTC-USD","side":"BUY","size":"0.00202304","time":"2025-06-22T20:04:32.046399Z","trade_id":"840742628"}
{"price":"98839.57","product_id":"BTC-USD","side":"SELL","size":"0.00000257","time":"2025-06-22T20:04:31.897881Z","trade_id":"840742627"}
{"price":"98839.57","product_id":"BTC-USD","side":"SELL","size":"0.0001353","time":"2025-06-22T20:04:31.554229Z","trade_id":"840742626"}
{"price":"98842.51","product_id":"BTC-USD","side":"BUY","size":"0.00000112","time":"2025-06-22T20:04:31.227665Z","trade_id":"840742625"}
{"price":"98846.55","product_id":"BTC-USD","side":"BUY","size":"0.00202304","time":"2025-06-22T20:04:30.946152Z","trade_id":"840742624"}
{"price":"98841.67","product_id":"BTC-USD","side":"BUY","size":"0.00510861","time":"2025-06-22T20:04:30.932423Z","trade_id":"840742623"}
{"price":"98846.58","product_id":"BTC-USD","side":"BUY","size":"0.00202304","time":"2025-06-22T20:04:30.767089Z","trade_id":"840742622"}
{"price":"98846.55","product_id":"BTC-USD","side":"BUY","size":"0.00202301","time":"2025-06-22T20:04:30.603521Z","trade_id":"840742621"}
{"price":"98840.17","product_id":"BTC-USD","side":"BUY","size":"0.00000256","time":"2025-06-22T20:04:30.53964Z","trade_id":"840742620"}
{"price":"98846.85","product_id":"BTC-USD","side":"BUY","size":"0.00202301","time":"2025-06-22T20:04:30.395831Z","trade_id":"840742619"}
{"price":"98841.71","product_id":"BTC-USD","side":"BUY","size":"0.00014225","time":"2025-06-22T20:04:30.300625Z","trade_id":"840742618"}
{"price":"98846.85","product_id":"BTC-USD","side":"BUY","size":"0.00202307","time":"2025-06-22T20:04:30.239934Z","trade_id":"840742617"}
{"price":"98846.85","product_id":"BTC-USD","side":"BUY","size":"0.00201235","time":"2025-06-22T20:04:30.215136Z","trade_id":"840742616"}
{"price":"98846.86","product_id":"BTC-USD","side":"SELL","size":"0.0000011","time":"2025-06-22T20:04:29.992626Z","trade_id":"840742615"}
{"price":"98846.85","product_id":"BTC-USD","side":"BUY","size":"0.00001072","time":"2025-06-22T20:04:29.62754Z","trade_id":"840742614"}
{"price":"98846.86","product_id":"BTC-USD","side":"SELL","size":"0.00000253","time":"2025-06-22T20:04:29.160161Z","trade_id":"840742613"}
{"price":"98846.86","product_id":"BTC-USD","side":"SELL","size":"0.00012268","time":"2025-06-22T20:04:28.970959Z","trade_id":"840742612"}
{"price":"98843.29","product_id":"BTC-USD","side":"SELL","size":"0.00144763","time":"2025-06-22T20:04:28.748128Z","trade_id":"840742611"}
{"price":"98843.28","product_id":"BTC-USD","side":"BUY","size":"0.00000111","time":"2025-06-22T20:04:28.478924Z","trade_id":"840742610"}
{"price":"98843.12","product_id":"BTC-USD","side":"BUY","size":"0.00075987","time":"2025-06-22T20:04:28.012897Z","trade_id":"840742609"}
{"price":"98846.17","product_id":"BTC-USD","side":"BUY","size":"0.00853","time":"2025-06-22T20:04:28.012897Z","trade_id":"840742608"}
{"price":"98835.36","product_id":"BTC-USD","side":"SELL","size":"0.02003027","time":"2025-06-22T20:04:27.822098Z","trade_id":"840742607"}
{"price":"98835.33","product_id":"BTC-USD","side":"BUY","size":"0.00000249","time":"2025-06-22T20:04:27.783126Z","trade_id":"840742606"}
{"price":"98835.06","product_id":"BTC-USD","side":"SELL","size":"0.01266658","time":"2025-06-22T20:04:27.764542Z","trade_id":"840742605"}
{"price":"98835.06","product_id":"BTC-USD","side":"SELL","size":"0.00045634","time":"2025-06-22T20:04:27.555393Z","trade_id":"840742604"}
{"price":"98835.06","product_id":"BTC-USD","side":"SELL","size":"0.00000112","time":"2025-06-22T20:04:27.115662Z","trade_id":"840742603"}
{"price":"98835.06","product_id":"BTC-USD","side":"SELL","size":"0.00499762","time":"2025-06-22T20:04:26.612707Z","trade_id":"840742602"}
{"price":"98838.6","product_id":"BTC-USD","side":"SELL","size":"0.00000251","time":"2025-06-22T20:04:26.408987Z","trade_id":"840742601"}
{"price":"98839.1","product_id":"BTC-USD","side":"BUY","size":"0.00000111","time":"2025-06-22T20:04:25.740936Z","trade_id":"840742600"}
{"price":"98841.83","product_id":"BTC-USD","side":"SELL","size":"0.00020031","time":"2025-06-22T20:04:25.690073Z","trade_id":"840742599"}
{"price":"98846.53","product_id":"BTC-USD","side":"SELL","size":"0.00187388","time":"2025-06-22T20:04:25.411954Z","trade_id":"840742598"}
{"price":"98846.41","product_id":"BTC-USD","side":"SELL","size":"0.00152543","time":"2025-06-22T20:04:25.411954Z","trade_id":"840742597"}
{"price":"98846.41","product_id":"BTC-USD","side":"SELL","size":"0.00008272","time":"2025-06-22T20:04:25.411954Z","trade_id":"840742596"}
{"price":"98846.41","product_id":"BTC-USD","side":"SELL","size":"0.00152543","time":"2025-06-22T20:04:25.411954Z","trade_id":"840742595"}
{"price":"98842.87","product_id":"BTC-USD","side":"SELL","size":"0.002","time":"2025-06-22T20:04:25.09726Z","trade_id":"840742594"}
{"price":"98833.83","product_id":"BTC-USD","side":"BUY","size":"0.0000769","time":"2025-06-22T20:04:25.091142Z","trade_id":"840742593"}
{"price":"98833.84","product_id":"BTC-USD","side":"BUY","size":"0.00007598","time":"2025-06-22T20:04:25.091142Z","trade_id":"840742592"}
{"price":"98836.17","product_id":"BTC-USD","side":"BUY","size":"0.00000254","time":"2025-06-22T20:04:25.031183Z","trade_id":"840742591"}
{"price":"98845.22","product_id":"BTC-USD","side":"SELL","size":"0.00000113","time":"2025-06-22T20:04:24.340742Z","trade_id":"840742590"}
{"price":"98845.22","product_id":"BTC-USD","side":"SELL","size":"0.00037133","time":"2025-06-22T20:04:24.271334Z","trade_id":"840742589"}
{"price":"98845.2","product_id":"BTC-USD","side":"SELL","size":"0.00004024","time":"2025-06-22T20:04:24.271334Z","trade_id":"840742588"}
{"price":"98845.2","product_id":"BTC-USD","side":"SELL","size":"0.00007697","time":"2025-06-22T20:04:24.271334Z","trade_id":"840742587"}
{"price":"98845.2","product_id":"BTC-USD","side":"SELL","size":"0.00000248","time":"2025-06-22T20:04:23.786978Z","trade_id":"840742586"}
{"price":"98845.2","product_id":"BTC-USD","side":"SELL","size":"0.00003493","time":"2025-06-22T20:04:23.655734Z","trade_id":"840742585"}
{"price":"98845.2","product_id":"BTC-USD","side":"SELL","size":"0.00093777","time":"2025-06-22T20:04:23.612699Z","trade_id":"840742584"}
{"price":"98845.2","product_id":"BTC-USD","side":"SELL","size":"0.00006512","time":"2025-06-22T20:04:23.612699Z","trade_id":"840742583"}
{"price":"98843.02","product_id":"BTC-USD","side":"SELL","size":"0.0014632","time":"2025-06-22T20:04:23.007907Z","trade_id":"840742582"}
{"price":"98843.02","product_id":"BTC-USD","side":"SELL","size":"0.00005848","time":"2025-06-22T20:04:23.007907Z","trade_id":"840742581"}
{"price":"98833.3","product_id":"BTC-USD","side":"BUY","size":"0.00000113","time":"2025-06-22T20:04:22.979312Z","trade_id":"840742580"}
{"price":"98833.5","product_id":"BTC-USD","side":"SELL","size":"0.01088263","time":"2025-06-22T20:04:22.979125Z","trade_id":"840742579"}
{"price":"98833.31","product_id":"BTC-USD","side":"SELL","size":"0.00000293","time":"2025-06-22T20:04:22.979125Z","trade_id":"840742578"}
{"price":"98852.65","product_id":"BTC-USD","side":"BUY","size":"0.00000252","time":"2025-06-22T20:04:38.906187Z","trade_id":"840742678"}
{"price":"98852.54","product_id":"BTC-USD","side":"BUY","size":"0.00138457","time":"2025-06-22T20:04:39.253995Z","trade_id":"840742680"}
{"price":"98852.65","product_id":"BTC-USD","side":"BUY","size":"0.00202035","time":"2025-06-22T20:04:39.253995Z","trade_id":"840742679"}
{"price":"98848.03","product_id":"BTC-USD","side":"SELL","size":"0.00023546","time":"2025-06-22T20:04:39.364716Z","trade_id":"840742681"}
{"price":"98848.05","product_id":"BTC-USD","side":"SELL","size":"0.01741111","time":"2025-06-22T20:04:39.482149Z","trade_id":"840742683"}
{"price":"98848.04","product_id":"BTC-USD","side":"SELL","size":"0.01011653","time":"2025-06-22T20:04:39.482149Z","trade_id":"840742682"}
{"price":"98848.05","product_id":"BTC-USD","side":"SELL","size":"0.00009024","time":"2025-06-22T20:04:39.672512Z","trade_id":"840742686"}
{"price":"98848.05","product_id":"BTC-USD","side":"SELL","size":"0.00001012","time":"2025-06-22T20:04:39.663108Z","trade_id":"840742685"}
{"price":"98848.04","product_id":"BTC-USD","side":"BUY","size":"0.00000112","time":"2025-06-22T20:04:39.612717Z","trade_id":"840742684"}
{"price":"98848.05","product_id":"BTC-USD","side":"SELL","size":"0.00028054","time":"2025-06-22T20:04:39.992791Z","trade_id":"840742687"}
{"price":"98848.05","product_id":"BTC-USD","side":"SELL","size":"0.00000249","time":"2025-06-22T20:04:40.147456Z","trade_id":"840742689"}
{"price":"98848.05","product_id":"BTC-USD","side":"SELL","size":"0.00001747","time":"2025-06-22T20:04:40.099428Z","trade_id":"840742688"}
{"price":"98848.05","product_id":"BTC-USD","side":"SELL","size":"0.00004758","time":"2025-06-22T20:04:40.368083Z","trade_id":"840742690"}
{"price":"98848.03","product_id":"BTC-USD","side":"SELL","size":"0.01","time":"2025-06-22T20:04:40.653006Z","trade_id":"840742691"}
{"price":"98840.11","product_id":"BTC-USD","side":"BUY","size":"0.02663457","time":"2025-06-22T20:04:40.736115Z","trade_id":"840742695"}
{"price":"98848.02","product_id":"BTC-USD","side":"BUY","size":"0.00202311","time":"2025-06-22T20:04:40.736115Z","trade_id":"840742694"}
{"price":"98848.02","product_id":"BTC-USD","side":"BUY","size":"0.002","time":"2025-06-22T20:04:40.736115Z","trade_id":"840742693"}
{"price":"98848.03","product_id":"BTC-USD","side":"SELL","size":"0.00050084","time":"2025-06-22T20:04:40.715463Z","trade_id":"840742692"}
{"price":"98839.57","product_id":"BTC-USD","side":"BUY","size":"0.00031456","time":"2025-06-22T20:04:40.862376Z","trade_id":"840742696"}
{"price":"98839.6","product_id":"BTC-USD","side":"SELL","size":"0.00000109","time":"2025-06-22T20:04:40.989553Z","trade_id":"840742697"}
{"price":"98839.58","product_id":"BTC-USD","side":"SELL","size":"0.00100169","time":"2025-06-22T20:04:41.085016Z","trade_id":"840742698"}
{"price":"98841.83","product_id":"BTC-USD","side":"SELL","size":"0.00118261","time":"2025-06-22T20:04:41.233327Z","trade_id":"840742701"}
{"price":"98841.83","product_id":"BTC-USD","side":"SELL","size":"0.00182204","time":"2025-06-22T20:04:41.233327Z","trade_id":"840742700"}
{"price":"98839.59","product_id":"BTC-USD","side":"SELL","size":"0.00474441","time":"2025-06-22T20:04:41.185335Z","trade_id":"840742699"}
{"price":"98836.9","product_id":"BTC-USD","side":"BUY","size":"0.00000257","time":"2025-06-22T20:04:41.529141Z","trade_id":"840742702"}
{"price":"98841.8","product_id":"BTC-USD","side":"SELL","size":"0.00094045","time":"2025-06-22T20:04:41.635888Z","trade_id":"840742705"}
{"price":"98841.79","product_id":"BTC-USD","side":"SELL","size":"0.00006124","time":"2025-06-22T20:04:41.635888Z","trade_id":"840742704"}
{"price":"98838.6","product_id":"BTC-USD","side":"SELL","size":"0.00272","time":"2025-06-22T20:04:41.618302Z","trade_id":"840742703"}
{"price":"98841.73","product_id":"BTC-USD","side":"SELL","size":"0.000295","time":"2025-06-22T20:04:41.739608Z","trade_id":"840742706"}
{"price":"98840.04","product_id":"BTC-USD","side":"SELL","size":"0.00005008","time":"2025-06-22T20:04:41.860933Z","trade_id":"840742707"}
{"price":"98837.51","product_id":"BTC-USD","side":"BUY","size":"0.00000109","time":"2025-06-22T20:04:42.226577Z","trade_id":"840742708"}
{"price":"98388.02","product_id":"BTC-USD","side":"SELL","size":"0.00148239","time":"2025-06-22T20:13:00.704864Z","trade_id":"840752023"}
{"price":"98387.93","product_id":"BTC-USD","side":"SELL","size":"0.07114694","time":"2025-06-22T20:13:00.704864Z","trade_id":"840752022"}
{"price":"98384.05","product_id":"BTC-USD","side":"SELL","size":"0.01790173","time":"2025-06-22T20:13:00.52044Z","trade_id":"840752021"}
{"price":"98384.05","product_id":"BTC-USD","side":"SELL","size":"0.00000284","time":"2025-06-22T20:13:00.52044Z","trade_id":"840752020"}
{"price":"98380.14","product_id":"BTC-USD","side":"SELL","size":"0.00741195","time":"2025-06-22T20:13:00.519584Z","trade_id":"840752019"}
{"price":"98380.1","product_id":"BTC-USD","side":"SELL","size":"0.05","time":"2025-06-22T20:13:00.519584Z","trade_id":"840752018"}
{"price":"98380.05","product_id":"BTC-USD","side":"SELL","size":"0.014806","time":"2025-06-22T20:13:00.519433Z","trade_id":"840752017"}
{"price":"98380.05","product_id":"BTC-USD","side":"SELL","size":"0.03499298","time":"2025-06-22T20:13:00.519433Z","trade_id":"840752016"}
{"price":"98380.05","product_id":"BTC-USD","side":"SELL","size":"0.00020085","time":"2025-06-22T20:13:00.46985Z","trade_id":"840752015"}
{"price":"98380.05","product_id":"BTC-USD","side":"SELL","size":"0.00987071","time":"2025-06-22T20:12:59.810592Z","trade_id":"840752014"}
{"price":"98380.05","product_id":"BTC-USD","side":"SELL","size":"0.00493546","time":"2025-06-22T20:12:59.707282Z","trade_id":"840752013"}
{"price":"98379.22","product_id":"BTC-USD","side":"BUY","size":"0.00667906","time":"2025-06-22T20:12:59.348411Z","trade_id":"840752012"}
{"price":"98379.23","product_id":"BTC-USD","side":"SELL","size":"0.00502826","time":"2025-06-22T20:12:59.335448Z","trade_id":"840752011"}
{"price":"98379.23","product_id":"BTC-USD","side":"SELL","size":"0.00197365","time":"2025-06-22T20:12:59.332702Z","trade_id":"840752010"}
{"price":"98379.22","product_id":"BTC-USD","side":"BUY","size":"0.00203146","time":"2025-06-22T20:12:59.149814Z","trade_id":"840752009"}
{"price":"98379.23","product_id":"BTC-USD","side":"SELL","size":"0.00009061","time":"2025-06-22T20:12:59.015973Z","trade_id":"840752008"}
{"price":"98378.98","product_id":"BTC-USD","side":"SELL","size":"0.00062346","time":"2025-06-22T20:12:58.719085Z","trade_id":"840752007"}
{"price":"98384.02","product_id":"BTC-USD","side":"BUY","size":"0.000906","time":"2025-06-22T20:12:58.56541Z","trade_id":"840752006"}
{"price":"98384.04","product_id":"BTC-USD","side":"BUY","size":"0.00000132","time":"2025-06-22T20:12:58.56541Z","trade_id":"840752005"}
{"price":"98384.05","product_id":"BTC-USD","side":"SELL","size":"0.002","time":"2025-06-22T20:12:58.274195Z","trade_id":"840752004"}
{"price":"98384.05","product_id":"BTC-USD","side":"SELL","size":"0.00010056","time":"2025-06-22T20:12:58.258622Z","trade_id":"840752003"}
{"price":"98384.05","product_id":"BTC-USD","side":"SELL","size":"0.0000906","time":"2025-06-22T20:12:58.112968Z","trade_id":"840752002"}
{"price":"98384.05","product_id":"BTC-USD","side":"SELL","size":"0.00001016","time":"2025-06-22T20:12:57.605095Z","trade_id":"840752001"}
{"price":"98384.05","product_id":"BTC-USD","side":"SELL","size":"0.00098707","time":"2025-06-22T20:12:57.46693Z","trade_id":"840752000"}
{"price":"98387.14","product_id":"BTC-USD","side":"SELL","size":"0.0001502","time":"2025-06-22T20:12:57.307922Z","trade_id":"840751999"}
{"price":"98387.13","product_id":"BTC-USD","side":"SELL","size":"0.00002965","time":"2025-06-22T20:12:57.307922Z","trade_id":"840751998"}
{"price":"98387.13","product_id":"BTC-USD","side":"BUY","size":"0.0000124","time":"2025-06-22T20:12:57.132621Z","trade_id":"840751997"}
{"price":"98387.12","product_id":"BTC-USD","side":"BUY","size":"0.0000124","time":"2025-06-22T20:12:57.105678Z","trade_id":"840751996"}
{"price":"98387.14","product_id":"BTC-USD","side":"BUY","size":"0.0000124","time":"2025-06-22T20:12:57.041324Z","trade_id":"840751995"}
{"price":"98387.03","product_id":"BTC-USD","side":"BUY","size":"0.0016719","time":"2025-06-22T20:12:56.975762Z","trade_id":"840751994"}
{"price":"98387.07","product_id":"BTC-USD","side":"BUY","size":"0.00077764","time":"2025-06-22T20:12:56.975762Z","trade_id":"840751993"}
{"price":"98387.14","product_id":"BTC-USD","side":"BUY","size":"0.0000124","time":"2025-06-22T20:12:56.975762Z","trade_id":"840751992"}
{"price":"98387.15","product_id":"BTC-USD","side":"SELL","size":"0.00345502","time":"2025-06-22T20:12:56.842453Z","trade_id":"840751991"}
{"price":"98393.8","product_id":"BTC-USD","side":"BUY","size":"0.00031009","time":"2025-06-22T20:12:56.796242Z","trade_id":"840751990"}
{"price":"98387.44","product_id":"BTC-USD","side":"SELL","size":"0.00097691","time":"2025-06-22T20:12:56.791939Z","trade_id":"840751989"}
{"price":"98391.13","product_id":"BTC-USD","side":"SELL","size":"0.00143","time":"2025-06-22T20:12:56.736117Z","trade_id":"840751988"}
{"price":"98386.89","product_id":"BTC-USD","side":"BUY","size":"0.00039787","time":"2025-06-22T20:12:56.729445Z","trade_id":"840751987"}
{"price":"98386.89","product_id":"BTC-USD","side":"BUY","size":"0.00000142","time":"2025-06-22T20:12:56.729445Z","trade_id":"840751986"}
{"price":"98386.98","product_id":"BTC-USD","side":"BUY","size":"0.01188423","time":"2025-06-22T20:12:56.729445Z","trade_id":"840751985"}
{"price":"98387.07","product_id":"BTC-USD","side":"BUY","size":"0.00097691","time":"2025-06-22T20:12:56.729445Z","trade_id":"840751984"}
{"price":"98387.07","product_id":"BTC-USD","side":"BUY","size":"0.00001269","time":"2025-06-22T20:12:56.729445Z","trade_id":"840751983"}
{"price":"98394.96","product_id":"BTC-USD","side":"BUY","size":"0.0102501","time":"2025-06-22T20:12:56.526216Z","trade_id":"840751982"}
{"price":"98394.97","product_id":"BTC-USD","side":"BUY","size":"0.00001296","time":"2025-06-22T20:12:56.526216Z","trade_id":"840751981"}
{"price":"98399.87","product_id":"BTC-USD","side":"BUY","size":"0.0102501","time":"2025-06-22T20:12:56.482722Z","trade_id":"840751980"}
{"price":"98399.86","product_id":"BTC-USD","side":"BUY","size":"0.01074848","time":"2025-06-22T20:12:56.466903Z","trade_id":"840751979"}
{"price":"98402.57","product_id":"BTC-USD","side":"BUY","size":"0.0102501","time":"2025-06-22T20:12:56.466903Z","trade_id":"840751978"}
{"price":"98402.88","product_id":"BTC-USD","side":"BUY","size":"0.00000142","time":"2025-06-22T20:12:56.466903Z","trade_id":"840751977"}
{"price":"98404.57","product_id":"BTC-USD","side":"SELL","size":"0.00095294","time":"2025-06-22T20:12:56.286727Z","trade_id":"840751976"}
{"price":"98404.56","product_id":"BTC-USD","side":"SELL","size":"0.0000151","time":"2025-06-22T20:12:56.286727Z","trade_id":"840751975"}
{"price":"98402.83","product_id":"BTC-USD","side":"SELL","size":"0.00096354","time":"2025-06-22T20:12:55.560048Z","trade_id":"840751974"}
{"price":"98402.69","product_id":"BTC-USD","side":"SELL","size":"0.00791231","time":"2025-06-22T20:12:55.323622Z","trade_id":"840751973"}
{"price":"98402.69","product_id":"BTC-USD","side":"SELL","size":"0.01293538","time":"2025-06-22T20:12:55.321146Z","trade_id":"840751972"}
{"price":"98402.7","product_id":"BTC-USD","side":"BUY","size":"0.00001065","time":"2025-06-22T20:12:55.123283Z","trade_id":"840751971"}
{"price":"98404.83","product_id":"BTC-USD","side":"SELL","size":"0.01461512","time":"2025-06-22T20:12:55.011397Z","trade_id":"840751970"}
{"price":"98403.83","product_id":"BTC-USD","side":"SELL","size":"0.01002023","time":"2025-06-22T20:12:55.011397Z","trade_id":"840751969"}
{"price":"98402.7","product_id":"BTC-USD","side":"SELL","size":"0.00004318","time":"2025-06-22T20:12:55.011397Z","trade_id":"840751968"}
{"price":"98403.83","product_id":"BTC-USD","side":"SELL","size":"0.00014197","time":"2025-06-22T20:12:54.875925Z","trade_id":"840751967"}
{"price":"98400.82","product_id":"BTC-USD","side":"SELL","size":"0.00004417","time":"2025-06-22T20:12:54.875925Z","trade_id":"840751966"}
{"price":"98394.1","product_id":"BTC-USD","side":"SELL","size":"0.00004417","time":"2025-06-22T20:12:54.763373Z","trade_id":"840751965"}
{"price":"98394.1","product_id":"BTC-USD","side":"SELL","size":"0.01184006","time":"2025-06-22T20:12:54.756991Z","trade_id":"840751964"}
{"price":"98394.09","product_id":"BTC-USD","side":"SELL","size":"0.00004417","time":"2025-06-22T20:12:54.756991Z","trade_id":"840751963"}
{"price":"98390.62","product_id":"BTC-USD","side":"SELL","size":"0.25344696","time":"2025-06-22T20:12:54.750834Z","trade_id":"840751962"}
{"price":"98390.62","product_id":"BTC-USD","side":"SELL","size":"0.01215663","time":"2025-06-22T20:12:54.749898Z","trade_id":"840751961"}
{"price":"98390.62","product_id":"BTC-USD","side":"SELL","size":"0.22494042","time":"2025-06-22T20:12:54.749567Z","trade_id":"840751960"}
{"price":"98390.62","product_id":"BTC-USD","side":"SELL","size":"0.4451775","time":"2025-06-22T20:12:54.749185Z","trade_id":"840751959"}
{"price":"98389.25","product_id":"BTC-USD","side":"SELL","size":"0.05","time":"2025-06-22T20:12:54.748186Z","trade_id":"840751958"}
{"price":"98389.2","product_id":"BTC-USD","side":"SELL","size":"0.000245","time":"2025-06-22T20:12:54.748186Z","trade_id":"840751957"}
{"price":"98389.2","product_id":"BTC-USD","side":"SELL","size":"0.01016371","time":"2025-06-22T20:12:54.748186Z","trade_id":"840751956"}
{"price":"98389.2","product_id":"BTC-USD","side":"SELL","size":"0.003917","time":"2025-06-22T20:12:54.748186Z","trade_id":"840751955"}
{"price":"98389.2","product_id":"BTC-USD","side":"SELL","size":"0.04502028","time":"2025-06-22T20:12:54.748186Z","trade_id":"840751954"}
{"price":"98389.2","product_id":"BTC-USD","side":"SELL","size":"0.00081712","time":"2025-06-22T20:12:54.661704Z","trade_id":"840751953"}
{"price":"98389.19","product_id":"BTC-USD","side":"BUY","size":"0.00593385","time":"2025-06-22T20:12:54.548497Z","trade_id":"840751952"}
{"price":"98389.19","product_id":"BTC-USD","side":"BUY","size":"0.00001115","time":"2025-06-22T20:12:54.497528Z","trade_id":"840751951"}
{"price":"98389.19","product_id":"BTC-USD","side":"BUY","size":"0.00001115","time":"2025-06-22T20:12:54.479339Z","trade_id":"840751950"}
{"price":"98389.19","product_id":"BTC-USD","side":"BUY","size":"0.00001122","time":"2025-06-22T20:12:54.456185Z","trade_id":"840751949"}
{"price":"98389.19","product_id":"BTC-USD","side":"BUY","size":"0.00001116","time":"2025-06-22T20:12:54.351941Z","trade_id":"840751948"}
{"price":"98389.19","product_id":"BTC-USD","side":"BUY","size":"0.00001116","time":"2025-06-22T20:12:54.334433Z","trade_id":"840751947"}
{"price":"98389.19","product_id":"BTC-USD","side":"BUY","size":"0.01188423","time":"2025-06-22T20:12:54.313139Z","trade_id":"840751946"}
{"price":"98389.19","product_id":"BTC-USD","side":"BUY","size":"0.00001116","time":"2025-06-22T20:12:54.313139Z","trade_id":"840751945"}
{"price":"98389.2","product_id":"BTC-USD","side":"SELL","size":"0.00024526","time":"2025-06-22T20:12:54.098351Z","trade_id":"840751944"}
{"price":"98386.92","product_id":"BTC-USD","side":"SELL","size":"0.00096869","time":"2025-06-22T20:12:53.963175Z","trade_id":"840751943"}
{"price":"98386.92","product_id":"BTC-USD","side":"SELL","size":"0.00029615","time":"2025-06-22T20:12:53.957797Z","trade_id":"840751942"}
{"price":"98386.91","product_id":"BTC-USD","side":"SELL","size":"0.00092247","time":"2025-06-22T20:12:53.767039Z","trade_id":"840751941"}
{"price":"98386.9","product_id":"BTC-USD","side":"SELL","size":"0.00009138","time":"2025-06-22T20:12:53.767039Z","trade_id":"840751940"}
{"price":"98389.2","product_id":"BTC-USD","side":"SELL","size":"0.00089639","time":"2025-06-22T20:12:53.105518Z","trade_id":"840751939"}
{"price":"98386.9","product_id":"BTC-USD","side":"SELL","size":"0.00007158","time":"2025-06-22T20:12:53.105518Z","trade_id":"840751938"}
{"price":"98389.2","product_id":"BTC-USD","side":"SELL","size":"0.00296145","time":"2025-06-22T20:12:53.06728Z","trade_id":"840751937"}
{"price":"98386.91","product_id":"BTC-USD","side":"BUY","size":"0.00313562","time":"2025-06-22T20:12:53.021281Z","trade_id":"840751936"}
{"price":"98389.2","product_id":"BTC-USD","side":"SELL","size":"0.0000595","time":"2025-06-22T20:12:52.920888Z","trade_id":"840751935"}
{"price":"98389.19","product_id":"BTC-USD","side":"SELL","size":"0.00003644","time":"2025-06-22T20:12:52.920888Z","trade_id":"840751934"}
{"price":"98386.56","product_id":"BTC-USD","side":"SELL","size":"0.00000406","time":"2025-06-22T20:12:52.920888Z","trade_id":"840751933"}
{"price":"98386.31","product_id":"BTC-USD","side":"BUY","size":"0.00079574","time":"2025-06-22T20:12:52.771135Z","trade_id":"840751932"}
{"price":"98389.17","product_id":"BTC-USD","side":"BUY","size":"0.00001018","time":"2025-06-22T20:12:52.771135Z","trade_id":"840751931"}
{"price":"98372.41","product_id":"BTC-USD","side":"BUY","size":"0.02069898","time":"2025-06-22T20:12:52.184416Z","trade_id":"840751930"}
{"price":"98373.75","product_id":"BTC-USD","side":"BUY","size":"0.00009","time":"2025-06-22T20:12:52.184416Z","trade_id":"840751929"}
{"price":"98374.44","product_id":"BTC-USD","side":"BUY","size":"0.02157064","time":"2025-06-22T20:12:52.184416Z","trade_id":"840751928"}
{"price":"98375.11","product_id":"BTC-USD","side":"BUY","size":"0.01344917","time":"2025-06-22T20:12:52.184416Z","trade_id":"840751927"}
{"price":"98377.63","product_id":"BTC-USD","side":"BUY","size":"0.01329784","time":"2025-06-22T20:12:52.184416Z","trade_id":"840751926"}
{"price":"98380.12","product_id":"BTC-USD","side":"BUY","size":"0.1282","time":"2025-06-22T20:12:52.184416Z","trade_id":"840751925"}
{"price":"98380.15","product_id":"BTC-USD","side":"BUY","size":"0.0265","time":"2025-06-22T20:12:52.184416Z","trade_id":"840751924"}
{"price":"98399.5","product_id":"BTC-USD","side":"SELL","size":"0.00192649","time":"2025-06-22T20:13:00.802486Z","trade_id":"840752024"}
{"price":"98399.4","product_id":"BTC-USD","side":"BUY","size":"0.0012447","time":"2025-06-22T20:13:01.325888Z","trade_id":"840752027"}
{"price":"98399.41","product_id":"BTC-USD","side":"BUY","size":"0.0012447","time":"2025-06-22T20:13:01.317776Z","trade_id":"840752026"}
{"price":"98399.49","product_id":"BTC-USD","side":"BUY","size":"0.00000142","time":"2025-06-22T20:13:01.317776Z","trade_id":"840752025"}
{"price":"98391.42","product_id":"BTC-USD","side":"SELL","size":"0.00044395","time":"2025-06-22T20:13:01.606469Z","trade_id":"840752029"}
{"price":"98380.09","product_id":"BTC-USD","side":"SELL","size":"0.00003772","time":"2025-06-22T20:13:01.606469Z","trade_id":"840752028"}
{"price":"98378.95","product_id":"BTC-USD","side":"BUY","size":"0.00203536","time":"2025-06-22T20:13:01.807784Z","trade_id":"840752033"}
{"price":"98378.95","product_id":"BTC-USD","side":"BUY","size":"0.05","time":"2025-06-22T20:13:01.807784Z","trade_id":"840752032"}
