{"price":"2183.5","product_id":"ETH-USD","side":"SELL","size":"0.00408574","time":"2025-06-22T19:57:21.546356Z","trade_id":"659302679"}
{"price":"2183.5","product_id":"ETH-USD","side":"SELL","size":"0.00659754","time":"2025-06-22T19:57:21.111317Z","trade_id":"659302678"}
{"price":"2183.5","product_id":"ETH-USD","side":"SELL","size":"0.00031001","time":"2025-06-22T19:57:21.111317Z","trade_id":"659302677"}
{"price":"2183.5","product_id":"ETH-USD","side":"SELL","size":"0.00149245","time":"2025-06-22T19:57:21.111317Z","trade_id":"659302676"}
{"price":"2183.42","product_id":"ETH-USD","side":"BUY","size":"0.01294971","time":"2025-06-22T19:57:20.796932Z","trade_id":"659302675"}
{"price":"2183.46","product_id":"ETH-USD","side":"BUY","size":"0.22899344","time":"2025-06-22T19:57:20.796932Z","trade_id":"659302674"}
{"price":"2183.49","product_id":"ETH-USD","side":"BUY","size":"0.00407319","time":"2025-06-22T19:57:20.796932Z","trade_id":"659302673"}
{"price":"2183.5","product_id":"ETH-USD","side":"SELL","size":"0.04364715","time":"2025-06-22T19:57:20.689185Z","trade_id":"659302672"}
{"price":"2183.5","product_id":"ETH-USD","side":"SELL","size":"0.02267262","time":"2025-06-22T19:57:20.266546Z","trade_id":"659302671"}
{"price":"2183.48","product_id":"ETH-USD","side":"BUY","size":"0.37160436","time":"2025-06-22T19:57:19.204925Z","trade_id":"659302670"}
{"price":"2183.49","product_id":"ETH-USD","side":"BUY","size":"0.01860782","time":"2025-06-22T19:57:19.204925Z","trade_id":"659302669"}
{"price":"2183.49","product_id":"ETH-USD","side":"BUY","size":"0.00407319","time":"2025-06-22T19:57:19.204925Z","trade_id":"659302668"}
{"price":"2183.5","product_id":"ETH-USD","side":"SELL","size":"0.1424465","time":"2025-06-22T19:57:18.8847Z","trade_id":"659302667"}
{"price":"2183.36","product_id":"ETH-USD","side":"BUY","size":"0.43588275","time":"2025-06-22T19:57:18.798384Z","trade_id":"659302666"}
{"price":"2183.36","product_id":"ETH-USD","side":"BUY","size":"0.22895692","time":"2025-06-22T19:57:18.798384Z","trade_id":"659302665"}
{"price":"2183.46","product_id":"ETH-USD","side":"BUY","size":"0.37160436","time":"2025-06-22T19:57:18.798384Z","trade_id":"659302664"}
{"price":"2183.49","product_id":"ETH-USD","side":"BUY","size":"0.00001373","time":"2025-06-22T19:57:18.798384Z","trade_id":"659302663"}
{"price":"2183.49","product_id":"ETH-USD","side":"BUY","size":"0.01287846","time":"2025-06-22T19:57:18.798384Z","trade_id":"659302662"}
{"price":"2183.49","product_id":"ETH-USD","side":"BUY","size":"0.00407319","time":"2025-06-22T19:57:18.798384Z","trade_id":"659302661"}
{"price":"2183.5","product_id":"ETH-USD","side":"SELL","size":"0.05537891","time":"2025-06-22T19:57:17.915909Z","trade_id":"659302660"}
{"price":"2183.5","product_id":"ETH-USD","side":"SELL","size":"0.01474847","time":"2025-06-22T19:57:16.704571Z","trade_id":"659302659"}
{"price":"2183.36","product_id":"ETH-USD","side":"SELL","size":"0.08174994","time":"2025-06-22T19:57:16.704571Z","trade_id":"659302658"}
{"price":"2183.36","product_id":"ETH-USD","side":"SELL","size":"0.11974249","time":"2025-06-22T19:57:16.704571Z","trade_id":"659302657"}
{"price":"2183.36","product_id":"ETH-USD","side":"SELL","size":"0.001","time":"2025-06-22T19:57:16.704571Z","trade_id":"659302656"}
{"price":"2183.01","product_id":"ETH-USD","side":"SELL","size":"0.44066208","time":"2025-06-22T19:57:14.930943Z","trade_id":"659302655"}
{"price":"2183.02","product_id":"ETH-USD","side":"BUY","size":"1.2825","time":"2025-06-22T19:57:14.328572Z","trade_id":"659302654"}
{"price":"2183.03","product_id":"ETH-USD","side":"BUY","size":"0.04372967","time":"2025-06-22T19:57:14.328572Z","trade_id":"659302653"}
{"price":"2183.07","product_id":"ETH-USD","side":"BUY","size":"0.22903465","time":"2025-06-22T19:57:14.328572Z","trade_id":"659302652"}
{"price":"2183.27","product_id":"ETH-USD","side":"BUY","size":"0.0040736","time":"2025-06-22T19:57:14.328572Z","trade_id":"659302651"}
{"price":"2183.25","product_id":"ETH-USD","side":"SELL","size":"0.00422437","time":"2025-06-22T19:57:14.187257Z","trade_id":"659302650"}
{"price":"2183.25","product_id":"ETH-USD","side":"SELL","size":"0.00030999","time":"2025-06-22T19:57:14.187257Z","trade_id":"659302649"}
{"price":"2183.25","product_id":"ETH-USD","side":"SELL","size":"0.00906934","time":"2025-06-22T19:57:12.564649Z","trade_id":"659302648"}
{"price":"2183.11","product_id":"ETH-USD","side":"BUY","size":"0.06533084","time":"2025-06-22T19:57:11.774085Z","trade_id":"659302647"}
{"price":"2183.12","product_id":"ETH-USD","side":"BUY","size":"0.00407388","time":"2025-06-22T19:57:11.774085Z","trade_id":"659302646"}
{"price":"2183.16","product_id":"ETH-USD","side":"SELL","size":"0.40575897","time":"2025-06-22T19:57:09.223901Z","trade_id":"659302645"}
{"price":"2183.16","product_id":"ETH-USD","side":"SELL","size":"0.00030999","time":"2025-06-22T19:57:09.223901Z","trade_id":"659302644"}
{"price":"2183.15","product_id":"ETH-USD","side":"SELL","size":"0.02667395","time":"2025-06-22T19:57:09.223901Z","trade_id":"659302643"}
{"price":"2183.14","product_id":"ETH-USD","side":"SELL","size":"0.0040741","time":"2025-06-22T19:57:09.223901Z","trade_id":"659302642"}
{"price":"2183.01","product_id":"ETH-USD","side":"SELL","size":"0.0044881","time":"2025-06-22T19:57:09.223901Z","trade_id":"659302641"}
{"price":"2182.77","product_id":"ETH-USD","side":"SELL","size":"0.00000062","time":"2025-06-22T19:57:09.223901Z","trade_id":"659302640"}
{"price":"2182.77","product_id":"ETH-USD","side":"SELL","size":"0.02517","time":"2025-06-22T19:57:08.851381Z","trade_id":"659302639"}
{"price":"2182.82","product_id":"ETH-USD","side":"SELL","size":"0.06528451","time":"2025-06-22T19:57:08.702601Z","trade_id":"659302638"}
{"price":"2182.77","product_id":"ETH-USD","side":"SELL","size":"0.09055","time":"2025-06-22T19:57:08.702601Z","trade_id":"659302637"}
{"price":"2182.77","product_id":"ETH-USD","side":"SELL","size":"0.09055","time":"2025-06-22T19:57:08.665626Z","trade_id":"659302636"}
{"price":"2182.84","product_id":"ETH-USD","side":"BUY","size":"0.22905891","time":"2025-06-22T19:57:08.656616Z","trade_id":"659302635"}
{"price":"2182.95","product_id":"ETH-USD","side":"BUY","size":"0.01288623","time":"2025-06-22T19:57:08.656616Z","trade_id":"659302634"}
{"price":"2183","product_id":"ETH-USD","side":"BUY","size":"1.2825","time":"2025-06-22T19:57:08.656281Z","trade_id":"659302633"}
{"price":"2183","product_id":"ETH-USD","side":"BUY","size":"0.00309568","time":"2025-06-22T19:57:08.656281Z","trade_id":"659302632"}
{"price":"2183","product_id":"ETH-USD","side":"BUY","size":"0.00000458","time":"2025-06-22T19:57:08.656281Z","trade_id":"659302631"}
{"price":"2183","product_id":"ETH-USD","side":"BUY","size":"0.01288135","time":"2025-06-22T19:57:08.656281Z","trade_id":"659302630"}
{"price":"2183.33","product_id":"ETH-USD","side":"SELL","size":"0.12524309","time":"2025-06-22T19:57:06.912783Z","trade_id":"659302629"}
{"price":"2183.32","product_id":"ETH-USD","side":"SELL","size":"0.00407406","time":"2025-06-22T19:57:06.912783Z","trade_id":"659302628"}
{"price":"2183.11","product_id":"ETH-USD","side":"SELL","size":"0.03775595","time":"2025-06-22T19:57:06.912783Z","trade_id":"659302627"}
{"price":"2183.11","product_id":"ETH-USD","side":"SELL","size":"0.00673213","time":"2025-06-22T19:57:06.912783Z","trade_id":"659302626"}
{"price":"2183.27","product_id":"ETH-USD","side":"SELL","size":"0.00326787","time":"2025-06-22T19:57:05.771007Z","trade_id":"659302625"}
{"price":"2183.11","product_id":"ETH-USD","side":"SELL","size":"0.06673213","time":"2025-06-22T19:57:05.771007Z","trade_id":"659302624"}
{"price":"2183.01","product_id":"ETH-USD","side":"SELL","size":"0.006","time":"2025-06-22T19:57:04.117399Z","trade_id":"659302623"}
{"price":"2183.12","product_id":"ETH-USD","side":"SELL","size":"0.0028667","time":"2025-06-22T19:57:03.745952Z","trade_id":"659302622"}
{"price":"2183.11","product_id":"ETH-USD","side":"SELL","size":"0.00407449","time":"2025-06-22T19:57:03.745952Z","trade_id":"659302621"}
{"price":"2182.99","product_id":"ETH-USD","side":"SELL","size":"0.00138692","time":"2025-06-22T19:57:03.745952Z","trade_id":"659302620"}
{"price":"2182.96","product_id":"ETH-USD","side":"SELL","size":"0.00031","time":"2025-06-22T19:57:03.745952Z","trade_id":"659302619"}
{"price":"2182.96","product_id":"ETH-USD","side":"SELL","size":"0.00000457","time":"2025-06-22T19:57:02.669518Z","trade_id":"659302618"}
{"price":"2182.96","product_id":"ETH-USD","side":"SELL","size":"0.00001831","time":"2025-06-22T19:57:02.644666Z","trade_id":"659302617"}
{"price":"2182.96","product_id":"ETH-USD","side":"SELL","size":"0.04532855","time":"2025-06-22T19:57:02.626362Z","trade_id":"659302616"}
{"price":"2183.22","product_id":"ETH-USD","side":"BUY","size":"0.33231046","time":"2025-06-22T19:57:01.868504Z","trade_id":"659302615"}
{"price":"2183.04","product_id":"ETH-USD","side":"SELL","size":"0.00407427","time":"2025-06-22T19:57:01.743325Z","trade_id":"659302614"}
{"price":"2183.04","product_id":"ETH-USD","side":"SELL","size":"0.13138691","time":"2025-06-22T19:57:01.743325Z","trade_id":"659302613"}
{"price":"2183.04","product_id":"ETH-USD","side":"SELL","size":"0.001","time":"2025-06-22T19:57:01.743325Z","trade_id":"659302612"}
{"price":"2182.93","product_id":"ETH-USD","side":"BUY","size":"0.00099568","time":"2025-06-22T19:57:00.992533Z","trade_id":"659302611"}
{"price":"2182.6","product_id":"ETH-USD","side":"SELL","size":"0.01221877","time":"2025-06-22T19:57:00.810761Z","trade_id":"659302610"}
{"price":"2182.6","product_id":"ETH-USD","side":"SELL","size":"0.00031003","time":"2025-06-22T19:57:00.810761Z","trade_id":"659302609"}
{"price":"2182.6","product_id":"ETH-USD","side":"SELL","size":"0.10130637","time":"2025-06-22T19:57:00.810761Z","trade_id":"659302608"}
{"price":"2182.39","product_id":"ETH-USD","side":"SELL","size":"0.83200887","time":"2025-06-22T19:57:00.480131Z","trade_id":"659302607"}
{"price":"2182.37","product_id":"ETH-USD","side":"SELL","size":"0.0040755","time":"2025-06-22T19:57:00.478595Z","trade_id":"659302606"}
{"price":"2182.38","product_id":"ETH-USD","side":"SELL","size":"0.4951245","time":"2025-06-22T19:57:00.445832Z","trade_id":"659302605"}
{"price":"2182.37","product_id":"ETH-USD","side":"SELL","size":"0.0040755","time":"2025-06-22T19:57:00.445832Z","trade_id":"659302604"}
{"price":"2182.25","product_id":"ETH-USD","side":"SELL","size":"0.00001439","time":"2025-06-22T19:57:00.445061Z","trade_id":"659302603"}
{"price":"2182.25","product_id":"ETH-USD","side":"SELL","size":"0.04029041","time":"2025-06-22T19:57:00.444398Z","trade_id":"659302602"}
{"price":"2182.25","product_id":"ETH-USD","side":"SELL","size":"0.07073959","time":"2025-06-22T19:57:00.444398Z","trade_id":"659302601"}
{"price":"2182.59","product_id":"ETH-USD","side":"BUY","size":"0.01288835","time":"2025-06-22T19:56:58.881271Z","trade_id":"659302600"}
{"price":"2182.59","product_id":"ETH-USD","side":"BUY","size":"0.00176854","time":"2025-06-22T19:56:58.877237Z","trade_id":"659302599"}
{"price":"2182.59","product_id":"ETH-USD","side":"BUY","size":"0.0032301","time":"2025-06-22T19:56:58.877237Z","trade_id":"659302598"}
{"price":"2182.59","product_id":"ETH-USD","side":"BUY","size":"0.0064373","time":"2025-06-22T19:56:58.877237Z","trade_id":"659302597"}
{"price":"2182.6","product_id":"ETH-USD","side":"SELL","size":"0.04551492","time":"2025-06-22T19:56:57.31572Z","trade_id":"659302596"}
{"price":"2182.6","product_id":"ETH-USD","side":"SELL","size":"0.08690448","time":"2025-06-22T19:56:56.845333Z","trade_id":"659302595"}
{"price":"2182.6","product_id":"ETH-USD","side":"SELL","size":"0.00325627","time":"2025-06-22T19:56:56.191171Z","trade_id":"659302594"}
{"price":"2182.91","product_id":"ETH-USD","side":"BUY","size":"0.00002728","time":"2025-06-22T19:56:55.955094Z","trade_id":"659302593"}
{"price":"2182.91","product_id":"ETH-USD","side":"BUY","size":"0.00173642","time":"2025-06-22T19:56:55.952693Z","trade_id":"659302592"}
{"price":"2182.91","product_id":"ETH-USD","side":"BUY","size":"0.00102966","time":"2025-06-22T19:56:55.952693Z","trade_id":"659302591"}
{"price":"2182.91","product_id":"ETH-USD","side":"BUY","size":"0.0035274","time":"2025-06-22T19:56:55.952693Z","trade_id":"659302590"}
{"price":"2182.91","product_id":"ETH-USD","side":"BUY","size":"0.01359652","time":"2025-06-22T19:56:55.952693Z","trade_id":"659302589"}
{"price":"2183","product_id":"ETH-USD","side":"SELL","size":"0.043462","time":"2025-06-22T19:56:55.15776Z","trade_id":"659302588"}
{"price":"2183.03","product_id":"ETH-USD","side":"SELL","size":"0.00694427","time":"2025-06-22T19:56:54.344171Z","trade_id":"659302587"}
{"price":"2183.03","product_id":"ETH-USD","side":"SELL","size":"0.00031001","time":"2025-06-22T19:56:54.344171Z","trade_id":"659302586"}
{"price":"2183.02","product_id":"ETH-USD","side":"SELL","size":"0.00407407","time":"2025-06-22T19:56:54.344171Z","trade_id":"659302585"}
{"price":"2182.66","product_id":"ETH-USD","side":"BUY","size":"0.00804533","time":"2025-06-22T19:56:53.794477Z","trade_id":"659302584"}
{"price":"2182.73","product_id":"ETH-USD","side":"BUY","size":"0.37120478","time":"2025-06-22T19:56:53.794477Z","trade_id":"659302583"}
{"price":"2182.77","product_id":"ETH-USD","side":"BUY","size":"0.22906631","time":"2025-06-22T19:56:53.794477Z","trade_id":"659302582"}
{"price":"2182.78","product_id":"ETH-USD","side":"BUY","size":"0.33231046","time":"2025-06-22T19:56:53.794477Z","trade_id":"659302581"}
{"price":"2182.79","product_id":"ETH-USD","side":"BUY","size":"0.00096607","time":"2025-06-22T19:56:53.794477Z","trade_id":"659302580"}
{"price":"2183.49","product_id":"ETH-USD","side":"BUY","size":"0.1437005","time":"2025-06-22T19:57:22.073721Z","trade_id":"659302681"}
{"price":"2183.49","product_id":"ETH-USD","side":"BUY","size":"0.00407319","time":"2025-06-22T19:57:22.073721Z","trade_id":"659302680"}
{"price":"2183.5","product_id":"ETH-USD","side":"SELL","size":"0.00452999","time":"2025-06-22T19:57:22.729776Z","trade_id":"659302682"}
{"price":"2183.5","product_id":"ETH-USD","side":"SELL","size":"0.00703779","time":"2025-06-22T19:57:23.468649Z","trade_id":"659302683"}
{"price":"2183.78","product_id":"ETH-USD","side":"SELL","size":"0.01802875","time":"2025-06-22T19:57:23.569188Z","trade_id":"659302689"}
{"price":"2183.77","product_id":"ETH-USD","side":"SELL","size":"0.00194635","time":"2025-06-22T19:57:23.569188Z","trade_id":"659302688"}
{"price":"2183.68","product_id":"ETH-USD","side":"SELL","size":"0.001","time":"2025-06-22T19:57:23.569188Z","trade_id":"659302687"}
{"price":"2183.52","product_id":"ETH-USD","side":"SELL","size":"0.001","time":"2025-06-22T19:57:23.569188Z","trade_id":"659302686"}
{"price":"2183.5","product_id":"ETH-USD","side":"SELL","size":"0.00030999","time":"2025-06-22T19:57:23.569188Z","trade_id":"659302685"}
{"price":"2183.5","product_id":"ETH-USD","side":"SELL","size":"0.02136424","time":"2025-06-22T19:57:23.569188Z","trade_id":"659302684"}
{"price":"2183.85","product_id":"ETH-USD","side":"SELL","size":"0.0061674","time":"2025-06-22T19:57:23.99209Z","trade_id":"659302692"}
{"price":"2183.84","product_id":"ETH-USD","side":"SELL","size":"0.00159624","time":"2025-06-22T19:57:23.99209Z","trade_id":"659302691"}
{"price":"2183.84","product_id":"ETH-USD","side":"SELL","size":"0.001","time":"2025-06-22T19:57:23.99209Z","trade_id":"659302690"}
{"price":"2183.77","product_id":"ETH-USD","side":"SELL","size":"0.00152929","time":"2025-06-22T19:57:24.456492Z","trade_id":"659302693"}
{"price":"2183.77","product_id":"ETH-USD","side":"SELL","size":"0.12458347","time":"2025-06-22T19:57:24.641084Z","trade_id":"659302694"}
{"price":"2184","product_id":"ETH-USD","side":"SELL","size":"0.001","time":"2025-06-22T19:57:24.876359Z","trade_id":"659302695"}
{"price":"2184.32","product_id":"ETH-USD","side":"SELL","size":"0.001","time":"2025-06-22T19:57:25.260437Z","trade_id":"659302697"}
{"price":"2184.27","product_id":"ETH-USD","side":"SELL","size":"0.11398935","time":"2025-06-22T19:57:25.260437Z","trade_id":"659302696"}
{"price":"2184.78","product_id":"ETH-USD","side":"SELL","size":"0.17731633","time":"2025-06-22T19:57:25.385647Z","trade_id":"659302699"}
{"price":"2184.77","product_id":"ETH-USD","side":"SELL","size":"0.00063235","time":"2025-06-22T19:57:25.385647Z","trade_id":"659302698"}
{"price":"2184.92","product_id":"ETH-USD","side":"BUY","size":"0.00407052","time":"2025-06-22T19:57:25.613289Z","trade_id":"659302700"}
{"price":"2184.92","product_id":"ETH-USD","side":"BUY","size":"0.01474859","time":"2025-06-22T19:57:25.91989Z","trade_id":"659302701"}
{"price":"2184.93","product_id":"ETH-USD","side":"SELL","size":"0.00022444","time":"2025-06-22T19:57:26.340828Z","trade_id":"659302702"}
{"price":"2184.93","product_id":"ETH-USD","side":"SELL","size":"0.04534005","time":"2025-06-22T19:57:28.551085Z","trade_id":"659302703"}
{"price":"2184.93","product_id":"ETH-USD","side":"SELL","size":"0.00913072","time":"2025-06-22T19:57:28.949721Z","trade_id":"659302704"}
{"price":"2185.2","product_id":"ETH-USD","side":"SELL","size":"0.00277574","time":"2025-06-22T19:57:29.478368Z","trade_id":"659302707"}
{"price":"2184.96","product_id":"ETH-USD","side":"SELL","size":"0.001","time":"2025-06-22T19:57:29.478368Z","trade_id":"659302706"}
{"price":"2184.93","product_id":"ETH-USD","side":"SELL","size":"0.00031","time":"2025-06-22T19:57:29.478368Z","trade_id":"659302705"}
{"price":"2184.78","product_id":"ETH-USD","side":"BUY","size":"0.00000802","time":"2025-06-22T19:57:29.573251Z","trade_id":"659302716"}
{"price":"2184.78","product_id":"ETH-USD","side":"BUY","size":"0.3715","time":"2025-06-22T19:57:29.568524Z","trade_id":"659302715"}
{"price":"2184.8","product_id":"ETH-USD","side":"BUY","size":"0.3","time":"2025-06-22T19:57:29.564338Z","trade_id":"659302714"}
{"price":"2184.82","product_id":"ETH-USD","side":"BUY","size":"1.14425521","time":"2025-06-22T19:57:29.564338Z","trade_id":"659302713"}
{"price":"2184.82","product_id":"ETH-USD","side":"BUY","size":"0.22885152","time":"2025-06-22T19:57:29.564338Z","trade_id":"659302712"}
{"price":"2184.9","product_id":"ETH-USD","side":"BUY","size":"0.3","time":"2025-06-22T19:57:29.562449Z","trade_id":"659302711"}
{"price":"2184.92","product_id":"ETH-USD","side":"BUY","size":"0.00620617","time":"2025-06-22T19:57:29.562449Z","trade_id":"659302710"}
{"price":"2184.92","product_id":"ETH-USD","side":"BUY","size":"0.0204996","time":"2025-06-22T19:57:29.562449Z","trade_id":"659302709"}
{"price":"2184.95","product_id":"ETH-USD","side":"BUY","size":"0.00407046","time":"2025-06-22T19:57:29.562449Z","trade_id":"659302708"}
{"price":"2184.78","product_id":"ETH-USD","side":"SELL","size":"0.01813","time":"2025-06-22T19:57:31.918549Z","trade_id":"659302717"}
{"price":"2184.78","product_id":"ETH-USD","side":"SELL","size":"0.11010374","time":"2025-06-22T19:57:31.971927Z","trade_id":"659302719"}
{"price":"2184.78","product_id":"ETH-USD","side":"SELL","size":"0.00000122","time":"2025-06-22T19:57:31.971927Z","trade_id":"659302718"}
{"price":"2184.93","product_id":"ETH-USD","side":"BUY","size":"0.64222544","time":"2025-06-22T19:57:32.324621Z","trade_id":"659302722"}
{"price":"2185.03","product_id":"ETH-USD","side":"BUY","size":"0.00407031","time":"2025-06-22T19:57:32.324621Z","trade_id":"659302721"}
{"price":"2185.03","product_id":"ETH-USD","side":"BUY","size":"0.000563","time":"2025-06-22T19:57:32.260765Z","trade_id":"659302720"}
{"price":"2185.05","product_id":"ETH-USD","side":"SELL","size":"0.00634836","time":"2025-06-22T19:57:35.297057Z","trade_id":"659302725"}
{"price":"2185.05","product_id":"ETH-USD","side":"SELL","size":"0.00010498","time":"2025-06-22T19:57:35.297057Z","trade_id":"659302724"}
{"price":"2185.05","product_id":"ETH-USD","side":"SELL","size":"0.00031002","time":"2025-06-22T19:57:35.297057Z","trade_id":"659302723"}
