{"maker_order_id":"79c6391c-7dbc-4b60-b8be-74d22cb3a00e","price":"2511.99","product_id":"ETH-USD","sequence":82492387449,"side":"buy","size":"0.001","taker_order_id":"38ec7582-63db-4d07-b7a4-31c773f763ff","time":"2025-06-20T05:39:32.339901Z","trade_id":658360248,"type":"match"}
{"maker_order_id":"b38079e5-2d6a-4dbc-9ab1-b6735078df20","price":"2511.99","product_id":"ETH-USD","sequence":82492387451,"side":"buy","size":"0.32046365","taker_order_id":"38ec7582-63db-4d07-b7a4-31c773f763ff","time":"2025-06-20T05:39:32.339901Z","trade_id":658360249,"type":"match"}
{"maker_order_id":"44d3ed9d-d13c-4fb9-9087-1a180b03fd25","price":"2511.97","product_id":"ETH-USD","sequence":82492387453,"side":"buy","size":"0.41961662","taker_order_id":"38ec7582-63db-4d07-b7a4-31c773f763ff","time":"2025-06-20T05:39:32.339901Z","trade_id":658360250,"type":"match"}
{"maker_order_id":"7178e8f8-0e59-47f1-b284-6f52e6f5ca4b","price":"2511.86","product_id":"ETH-USD","sequence":82492388273,"side":"sell","size":"0.00394108","taker_order_id":"79c4040a-13f7-4b5d-b84c-186ebcd74b8c","time":"2025-06-20T05:39:36.719908Z","trade_id":658360251,"type":"match"}
{"maker_order_id":"7178e8f8-0e59-47f1-b284-6f52e6f5ca4b","price":"2511.86","product_id":"ETH-USD","sequence":82492388367,"side":"sell","size":"0.00394104","taker_order_id":"67bfd7b0-9e9b-479d-afc3-563f79c51d70","time":"2025-06-20T05:39:37.443314Z","trade_id":658360252,"type":"match"}
{"maker_order_id":"7178e8f8-0e59-47f1-b284-6f52e6f5ca4b","price":"2511.86","product_id":"ETH-USD","sequence":82492388404,"side":"sell","size":"0.00755113","taker_order_id":"e34cdd04-5adb-41e6-b6b3-69d0a15536d2","time":"2025-06-20T05:39:37.844920Z","trade_id":658360253,"type":"match"}
{"maker_order_id":"097e8603-3d34-4618-8ac5-97d6225d6fdd","price":"2511.86","product_id":"ETH-USD","sequence":82492388406,"side":"sell","size":"0.19905567","taker_order_id":"e34cdd04-5adb-41e6-b6b3-69d0a15536d2","time":"2025-06-20T05:39:37.844920Z","trade_id":658360254,"type":"match"}
{"maker_order_id":"a19faa93-8cfa-47ab-a5fb-0f9fd9f3c700","price":"2511.93","product_id":"ETH-USD","sequence":82492388446,"side":"sell","size":"0.0189211","taker_order_id":"89b4512f-c871-42cc-8e85-c79958b60996","time":"2025-06-20T05:39:37.982537Z","trade_id":658360255,"type":"match"}
{"maker_order_id":"8208678e-7674-4d2e-b8fc-6b95dd127ee0","price":"2511.91","product_id":"ETH-USD","sequence":82492388733,"side":"buy","size":"0.3988735","taker_order_id":"657867da-b5d0-429a-906e-5ed7c9fce88c","time":"2025-06-20T05:39:39.723667Z","trade_id":658360256,"type":"match"}
{"maker_order_id":"be18c72c-f67e-4b34-b772-065371384ba0","price":"2511.92","product_id":"ETH-USD","sequence":82492388831,"side":"sell","size":"0.03793674","taker_order_id":"79a76c28-7626-4c9c-9299-6f2330cb1e0e","time":"2025-06-20T05:39:40.155718Z","trade_id":658360257,"type":"match"}
{"maker_order_id":"a19faa93-8cfa-47ab-a5fb-0f9fd9f3c700","price":"2511.93","product_id":"ETH-USD","sequence":82492389308,"side":"sell","size":"0.00926538","taker_order_id":"f8e597cd-ce13-4c78-b533-47ba6706c435","time":"2025-06-20T05:39:45.656646Z","trade_id":658360258,"type":"match"}
{"maker_order_id":"a19faa93-8cfa-47ab-a5fb-0f9fd9f3c700","price":"2511.93","product_id":"ETH-USD","sequence":82492389397,"side":"sell","size":"0.96706578","taker_order_id":"97f5014b-cf43-414e-b262-8fb99f463390","time":"2025-06-20T05:39:46.493268Z","trade_id":658360259,"type":"match"}
{"maker_order_id":"6f79d517-4cdd-4e45-ab34-90ca73af7e18","price":"2511.93","product_id":"ETH-USD","sequence":82492389399,"side":"sell","size":"0.19905013","taker_order_id":"97f5014b-cf43-414e-b262-8fb99f463390","time":"2025-06-20T05:39:46.493268Z","trade_id":658360260,"type":"match"}
{"maker_order_id":"844883f6-80db-4e67-bb4e-a08ffa207824","price":"2511.97","product_id":"ETH-USD","sequence":82492389420,"side":"sell","size":"0.99523481","taker_order_id":"c944d0c4-af08-4469-9c9a-df095cef27ba","time":"2025-06-20T05:39:46.497497Z","trade_id":658360261,"type":"match"}
{"maker_order_id":"975a9fc5-3b12-46f1-bc94-7ad70c88e2ce","price":"2512","product_id":"ETH-USD","sequence":82492389699,"side":"sell","size":"0.00771714","taker_order_id":"743da867-df31-407b-abd1-96f36216b98b","time":"2025-06-20T05:39:46.602223Z","trade_id":658360262,"type":"match"}
{"maker_order_id":"44e4a02d-6952-4878-967d-a88ffa10801d","price":"2512.03","product_id":"ETH-USD","sequence":82492389701,"side":"sell","size":"0.00965727","taker_order_id":"743da867-df31-407b-abd1-96f36216b98b","time":"2025-06-20T05:39:46.602223Z","trade_id":658360263,"type":"match"}
{"maker_order_id":"b879604d-826a-4a5c-80fb-41624336260f","price":"2512.05","product_id":"ETH-USD","sequence":82492389703,"side":"sell","size":"0.01348559","taker_order_id":"743da867-df31-407b-abd1-96f36216b98b","time":"2025-06-20T05:39:46.602223Z","trade_id":658360264,"type":"match"}
{"maker_order_id":"b879604d-826a-4a5c-80fb-41624336260f","price":"2512.05","product_id":"ETH-USD","sequence":82492389721,"side":"sell","size":"0.01738","taker_order_id":"8d4e21fe-b100-4594-9d0f-e10492dfd0bb","time":"2025-06-20T05:39:46.607375Z","trade_id":658360265,"type":"match"}
{"maker_order_id":"0cee8a67-63c3-4183-b380-8248f5e39c30","price":"2512.04","product_id":"ETH-USD","sequence":82492389887,"side":"buy","size":"0.00884603","taker_order_id":"9abf7d33-507d-4140-be2b-c6d5d08ec68b","time":"2025-06-20T05:39:46.752376Z","trade_id":658360266,"type":"match"}
{"maker_order_id":"849d8323-dc8c-4b41-946b-d5dc45522f0e","price":"2511.85","product_id":"ETH-USD","sequence":82492391513,"side":"buy","size":"0.35862011","taker_order_id":"0d70c60b-8388-4b7e-8532-2d12caf7f69c","time":"2025-06-20T05:39:50.732208Z","trade_id":658360267,"type":"match"}
{"maker_order_id":"b4b9c30a-958e-4cd0-8f85-5fa5971984a0","price":"2511.8","product_id":"ETH-USD","sequence":82492392354,"side":"buy","size":"0.001","taker_order_id":"680c365c-e15d-4884-8033-28d4e40d25c0","time":"2025-06-20T05:39:53.868966Z","trade_id":658360268,"type":"match"}
{"maker_order_id":"3f744d5c-5e1b-4f43-90ec-39a8380db6ae","price":"2511.8","product_id":"ETH-USD","sequence":82492392356,"side":"buy","size":"0.00101604","taker_order_id":"680c365c-e15d-4884-8033-28d4e40d25c0","time":"2025-06-20T05:39:53.868966Z","trade_id":658360269,"type":"match"}
{"maker_order_id":"dbc44c62-68ee-4bc5-a1ae-d8a3f8721159","price":"2511.67","product_id":"ETH-USD","sequence":82492392844,"side":"buy","size":"0.42438263","taker_order_id":"73e186ad-0998-4ede-a300-b3e19b0439f6","time":"2025-06-20T05:39:54.375905Z","trade_id":658360270,"type":"match"}
{"maker_order_id":"6d006dfe-287b-4094-ae4c-68cc2133879b","price":"2511.65","product_id":"ETH-USD","sequence":82492392846,"side":"buy","size":"0.33322983","taker_order_id":"73e186ad-0998-4ede-a300-b3e19b0439f6","time":"2025-06-20T05:39:54.375905Z","trade_id":658360271,"type":"match"}
{"maker_order_id":"6d006dfe-287b-4094-ae4c-68cc2133879b","price":"2511.65","product_id":"ETH-USD","sequence":82492392851,"side":"buy","size":"4.13047886","taker_order_id":"ff02b800-39f3-42a2-a090-2b2974a7d9a3","time":"2025-06-20T05:39:54.376158Z","trade_id":658360272,"type":"match"}
{"maker_order_id":"e48de1b0-f959-41f3-b89d-72edbdf9424e","price":"2511.61","product_id":"ETH-USD","sequence":82492392919,"side":"buy","size":"0.001","taker_order_id":"de7a7ceb-ead3-4493-bbd4-ef63e4dcbab3","time":"2025-06-20T05:39:54.388153Z","trade_id":658360273,"type":"match"}
{"maker_order_id":"d38fd5d8-a50f-48a8-9b13-3aeab5e1929e","price":"2511.42","product_id":"ETH-USD","sequence":82492393953,"side":"buy","size":"0.001","taker_order_id":"12d17212-d9a5-42af-a6ce-1a17f719cc27","time":"2025-06-20T05:39:57.362513Z","trade_id":658360274,"type":"match"}
{"maker_order_id":"30984101-b196-4ef2-8eeb-8debc7aa1255","price":"2511.33","product_id":"ETH-USD","sequence":82492393955,"side":"buy","size":"3.51040492","taker_order_id":"12d17212-d9a5-42af-a6ce-1a17f719cc27","time":"2025-06-20T05:39:57.362513Z","trade_id":658360275,"type":"match"}
{"maker_order_id":"30984101-b196-4ef2-8eeb-8debc7aa1255","price":"2511.33","product_id":"ETH-USD","sequence":82492393961,"side":"buy","size":"0.74931526","taker_order_id":"d972b132-9f28-4ad6-854b-9ab7f1aa42a9","time":"2025-06-20T05:39:57.366200Z","trade_id":658360276,"type":"match"}
{"maker_order_id":"30984101-b196-4ef2-8eeb-8debc7aa1255","price":"2511.33","product_id":"ETH-USD","sequence":82492393964,"side":"buy","size":"3.70377516","taker_order_id":"b9f1ec6c-e816-4540-8905-a1c84e36bcd4","time":"2025-06-20T05:39:57.366358Z","trade_id":658360277,"type":"match"}
{"maker_order_id":"37302a0b-1372-42e5-b879-4a5a45e522b8","price":"2511.23","product_id":"ETH-USD","sequence":82492394140,"side":"buy","size":"0.001","taker_order_id":"be5e396c-61dc-498e-a64f-56e9176de4eb","time":"2025-06-20T05:39:57.428311Z","trade_id":658360278,"type":"match"}
{"maker_order_id":"f6956f5c-7602-477d-ae80-c99027f8350c","price":"2511.15","product_id":"ETH-USD","sequence":82492394299,"side":"buy","size":"0.44947889","taker_order_id":"7d36de55-a2c0-462a-9c50-c691a6c7a2cd","time":"2025-06-20T05:39:57.466758Z","trade_id":658360279,"type":"match"}
{"maker_order_id":"d44fe1b6-6496-4b6d-9c1c-a056476e0369","price":"2511.04","product_id":"ETH-USD","sequence":82492394531,"side":"buy","size":"0.001","taker_order_id":"0f04ad93-c102-4cbc-a12c-b08208bcbc7d","time":"2025-06-20T05:39:57.532365Z","trade_id":658360280,"type":"match"}
{"maker_order_id":"fa16896b-7baf-4c4e-9b57-36031f23e12a","price":"2510.85","product_id":"ETH-USD","sequence":82492395124,"side":"buy","size":"0.00029863","taker_order_id":"eeb7be15-8fd7-4a81-9bc0-66bac20267d1","time":"2025-06-20T05:39:58.262582Z","trade_id":658360281,"type":"match"}
{"maker_order_id":"fc9477fa-bd8f-4198-a910-5c569e5eb233","price":"2511.04","product_id":"ETH-USD","sequence":82492396522,"side":"buy","size":"0.00531853","taker_order_id":"f9686bfe-f58e-4b44-a849-e50e3a39c834","time":"2025-06-20T05:40:04.250440Z","trade_id":658360282,"type":"match"}
{"maker_order_id":"a3dc9be7-dbf3-43f9-8adf-756a01ff56f5","price":"2511.05","product_id":"ETH-USD","sequence":82492396551,"side":"sell","size":"0.07705285","taker_order_id":"04aed0cb-a0c4-478f-a406-6f635ea02cdd","time":"2025-06-20T05:40:04.384518Z","trade_id":658360283,"type":"match"}
{"maker_order_id":"0f177bbd-6583-4f02-9617-ae4b6cd66975","price":"2511.05","product_id":"ETH-USD","sequence":82492396553,"side":"sell","size":"0.2535265","taker_order_id":"04aed0cb-a0c4-478f-a406-6f635ea02cdd","time":"2025-06-20T05:40:04.384518Z","trade_id":658360284,"type":"match"}
{"maker_order_id":"b3bf1efa-ebe7-49e0-b669-8d81a0dbf750","price":"2511.05","product_id":"ETH-USD","sequence":82492396555,"side":"sell","size":"0.14358646","taker_order_id":"04aed0cb-a0c4-478f-a406-6f635ea02cdd","time":"2025-06-20T05:40:04.384518Z","trade_id":658360285,"type":"match"}
{"maker_order_id":"e2ac7d0f-91ef-48f7-9578-9a96ef76d0a5","price":"2511.23","product_id":"ETH-USD","sequence":82492396858,"side":"buy","size":"0.43974249","taker_order_id":"9072e13a-ba19-442c-9850-26c40af72771","time":"2025-06-20T05:40:05.646538Z","trade_id":658360286,"type":"match"}
{"maker_order_id":"f41e5eb6-8ca0-40ed-837a-3a3f7fe869fe","price":"2511.24","product_id":"ETH-USD","sequence":82492397123,"side":"sell","size":"0.00195179","taker_order_id":"9735550e-8ecb-4941-b457-e62e85388e4f","time":"2025-06-20T05:40:06.651256Z","trade_id":658360287,"type":"match"}
{"maker_order_id":"5ed4fc03-8790-4a89-95a7-db4208f97a20","price":"2511.23","product_id":"ETH-USD","sequence":82492397455,"side":"buy","size":"0.19842213","taker_order_id":"ea1c9683-ed4f-475f-a1b4-3481ac95e08c","time":"2025-06-20T05:40:08.838599Z","trade_id":658360288,"type":"match"}
{"maker_order_id":"f41e5eb6-8ca0-40ed-837a-3a3f7fe869fe","price":"2511.24","product_id":"ETH-USD","sequence":82492397814,"side":"sell","size":"0.00576461","taker_order_id":"83005b98-83ab-43b4-8916-dbbcb8a0e696","time":"2025-06-20T05:40:11.306017Z","trade_id":658360289,"type":"match"}
{"maker_order_id":"d6b2339c-664e-4edd-9c53-160c1da3aa1e","price":"2511.24","product_id":"ETH-USD","sequence":82492397816,"side":"sell","size":"0.02676357","taker_order_id":"83005b98-83ab-43b4-8916-dbbcb8a0e696","time":"2025-06-20T05:40:11.306017Z","trade_id":658360290,"type":"match"}
{"maker_order_id":"1b8268b0-a4e0-4c54-9f61-202ee413a156","price":"2511.3","product_id":"ETH-USD","sequence":82492397818,"side":"sell","size":"0.02780412","taker_order_id":"83005b98-83ab-43b4-8916-dbbcb8a0e696","time":"2025-06-20T05:40:11.306017Z","trade_id":658360291,"type":"match"}
{"maker_order_id":"14dc9098-2609-41fc-9eda-3041b672c1e7","price":"2511.42","product_id":"ETH-USD","sequence":82492397900,"side":"sell","size":"0.00000399","taker_order_id":"4f1539cd-26ce-4955-992e-b51b53cbf902","time":"2025-06-20T05:40:11.462070Z","trade_id":658360292,"type":"match"}
{"maker_order_id":"14dc9098-2609-41fc-9eda-3041b672c1e7","price":"2511.42","product_id":"ETH-USD","sequence":82492397979,"side":"sell","size":"0.00099601","taker_order_id":"f277300b-12e8-438a-87af-c5e18747a3ae","time":"2025-06-20T05:40:12.013360Z","trade_id":658360293,"type":"match"}
{"maker_order_id":"168c962e-642c-41f4-a4da-8443647ad01c","price":"2511.45","product_id":"ETH-USD","sequence":82492397981,"side":"sell","size":"0.00886042","taker_order_id":"f277300b-12e8-438a-87af-c5e18747a3ae","time":"2025-06-20T05:40:12.013360Z","trade_id":658360294,"type":"match"}
{"maker_order_id":"7f90c5a1-032b-4b4a-b2d0-fe167a209c36","price":"2511.41","product_id":"ETH-USD","sequence":82492398231,"side":"sell","size":"0.00591371","taker_order_id":"332ead08-0350-46cb-a659-7a9d81f74094","time":"2025-06-20T05:40:12.491587Z","trade_id":658360295,"type":"match"}
{"maker_order_id":"bdf1074b-9b69-4f2b-89bc-8dc55c7637fd","price":"2511.36","product_id":"ETH-USD","sequence":82492399428,"side":"sell","size":"0.00656325","taker_order_id":"8aa35de7-009a-452b-a02b-2ad0c0496c72","time":"2025-06-20T05:40:20.088828Z","trade_id":658360296,"type":"match"}
{"maker_order_id":"4f3d32da-7df3-409a-bd05-03c79e34923e","price":"2511.36","product_id":"ETH-USD","sequence":82492399430,"side":"sell","size":"0.00438316","taker_order_id":"8aa35de7-009a-452b-a02b-2ad0c0496c72","time":"2025-06-20T05:40:20.088828Z","trade_id":658360297,"type":"match"}
{"maker_order_id":"ed856501-fecc-4b8a-8e5f-c97edb0451ce","price":"2511.45","product_id":"ETH-USD","sequence":82492399432,"side":"sell","size":"0.01283843","taker_order_id":"8aa35de7-009a-452b-a02b-2ad0c0496c72","time":"2025-06-20T05:40:20.088828Z","trade_id":658360298,"type":"match"}
{"maker_order_id":"5a943b17-6248-4eeb-b89f-5f77d43cf8dc","price":"2511.47","product_id":"ETH-USD","sequence":82492399434,"side":"sell","size":"0.0011429","taker_order_id":"8aa35de7-009a-452b-a02b-2ad0c0496c72","time":"2025-06-20T05:40:20.088828Z","trade_id":658360299,"type":"match"}
{"maker_order_id":"819ea2ec-0e4a-496e-84ac-e3b33d60adb8","price":"2511.47","product_id":"ETH-USD","sequence":82492399436,"side":"sell","size":"0.00062137","taker_order_id":"8aa35de7-009a-452b-a02b-2ad0c0496c72","time":"2025-06-20T05:40:20.088828Z","trade_id":658360300,"type":"match"}
{"maker_order_id":"de7f6a41-85b4-469c-a1d6-ac0276f163f8","price":"2511.47","product_id":"ETH-USD","sequence":82492399438,"side":"sell","size":"0.0026044","taker_order_id":"8aa35de7-009a-452b-a02b-2ad0c0496c72","time":"2025-06-20T05:40:20.088828Z","trade_id":658360301,"type":"match"}
{"maker_order_id":"c3a1d547-9d5c-4007-b49c-25e1ee952785","price":"2511.47","product_id":"ETH-USD","sequence":82492399440,"side":"sell","size":"0.00345264","taker_order_id":"8aa35de7-009a-452b-a02b-2ad0c0496c72","time":"2025-06-20T05:40:20.088828Z","trade_id":658360302,"type":"match"}
{"maker_order_id":"8b0b8dc6-0eb8-483b-9859-4cf3edd7e9cf","price":"2511.48","product_id":"ETH-USD","sequence":82492399442,"side":"sell","size":"0.04771844","taker_order_id":"8aa35de7-009a-452b-a02b-2ad0c0496c72","time":"2025-06-20T05:40:20.088828Z","trade_id":658360303,"type":"match"}
{"maker_order_id":"d9fdd01c-5996-45f0-9c94-e55de7bd0567","price":"2511.36","product_id":"ETH-USD","sequence":82492399651,"side":"sell","size":"0.00044054","taker_order_id":"bf15faf9-5a1d-4c90-8be6-2749f5c8612b","time":"2025-06-20T05:40:21.853803Z","trade_id":658360304,"type":"match"}
{"maker_order_id":"97750271-7660-40ef-8af9-8a88cca8c042","price":"2511.36","product_id":"ETH-USD","sequence":82492399653,"side":"sell","size":"0.00243764","taker_order_id":"bf15faf9-5a1d-4c90-8be6-2749f5c8612b","time":"2025-06-20T05:40:21.853803Z","trade_id":658360305,"type":"match"}
{"maker_order_id":"a2762816-9f95-4357-af3a-4e51fdf17c52","price":"2511.36","product_id":"ETH-USD","sequence":82492399655,"side":"sell","size":"0.00067369","taker_order_id":"bf15faf9-5a1d-4c90-8be6-2749f5c8612b","time":"2025-06-20T05:40:21.853803Z","trade_id":658360306,"type":"match"}
{"maker_order_id":"a2762816-9f95-4357-af3a-4e51fdf17c52","price":"2511.36","product_id":"ETH-USD","sequence":82492399718,"side":"sell","size":"0.00128241","taker_order_id":"080fbc83-5177-46df-84d7-b6d4856d0524","time":"2025-06-20T05:40:22.415543Z","trade_id":658360307,"type":"match"}
{"maker_order_id":"e484d1ea-de97-4c5d-a7eb-b695d4b7e871","price":"2511.36","product_id":"ETH-USD","sequence":82492399720,"side":"sell","size":"0.00082071","taker_order_id":"080fbc83-5177-46df-84d7-b6d4856d0524","time":"2025-06-20T05:40:22.415543Z","trade_id":658360308,"type":"match"}
{"maker_order_id":"2bebac42-f0e4-4ecc-b25d-e821b0c752f2","price":"2511.36","product_id":"ETH-USD","sequence":82492399722,"side":"sell","size":"0.00378484","taker_order_id":"080fbc83-5177-46df-84d7-b6d4856d0524","time":"2025-06-20T05:40:22.415543Z","trade_id":658360309,"type":"match"}
{"maker_order_id":"37339420-fcd6-4b39-a7ac-538cc81edf4f","price":"2511.36","product_id":"ETH-USD","sequence":82492399724,"side":"sell","size":"0.01207172","taker_order_id":"080fbc83-5177-46df-84d7-b6d4856d0524","time":"2025-06-20T05:40:22.415543Z","trade_id":658360310,"type":"match"}
{"maker_order_id":"eb2ac08e-e350-4298-b7ee-90ef1184b36a","price":"2511.36","product_id":"ETH-USD","sequence":82492399726,"side":"sell","size":"0.00002363","taker_order_id":"080fbc83-5177-46df-84d7-b6d4856d0524","time":"2025-06-20T05:40:22.415543Z","trade_id":658360311,"type":"match"}
{"maker_order_id":"6c847f94-5ce5-408d-99ff-a1b9f8862695","price":"2511.36","product_id":"ETH-USD","sequence":82492399728,"side":"sell","size":"0.00012507","taker_order_id":"080fbc83-5177-46df-84d7-b6d4856d0524","time":"2025-06-20T05:40:22.415543Z","trade_id":658360312,"type":"match"}
{"maker_order_id":"94fd3030-69a7-4aa2-ba9f-029a1fa907dc","price":"2511.36","product_id":"ETH-USD","sequence":82492399730,"side":"sell","size":"0.003","taker_order_id":"080fbc83-5177-46df-84d7-b6d4856d0524","time":"2025-06-20T05:40:22.415543Z","trade_id":658360313,"type":"match"}
{"maker_order_id":"4e4861ee-b56f-481c-b96a-511d037c9ddb","price":"2511.46","product_id":"ETH-USD","sequence":82492399732,"side":"sell","size":"0.01666542","taker_order_id":"080fbc83-5177-46df-84d7-b6d4856d0524","time":"2025-06-20T05:40:22.415543Z","trade_id":658360314,"type":"match"}
{"maker_order_id":"06954ed9-1386-4dcd-9ea1-864a207925fc","price":"2511.36","product_id":"ETH-USD","sequence":82492399924,"side":"sell","size":"0.00591293","taker_order_id":"645c790f-ba61-4d6b-a84e-e1cc5e1aa9ef","time":"2025-06-20T05:40:22.893954Z","trade_id":658360315,"type":"match"}
{"maker_order_id":"06954ed9-1386-4dcd-9ea1-864a207925fc","price":"2511.36","product_id":"ETH-USD","sequence":82492400959,"side":"sell","size":"0.01237512","taker_order_id":"348e1c0f-fe46-4b9a-a76b-79e642332af3","time":"2025-06-20T05:40:28.786567Z","trade_id":658360316,"type":"match"}
{"maker_order_id":"4ae1b758-0306-4e41-9451-3413eed22d62","price":"2511.36","product_id":"ETH-USD","sequence":82492400961,"side":"sell","size":"0.00012816","taker_order_id":"348e1c0f-fe46-4b9a-a76b-79e642332af3","time":"2025-06-20T05:40:28.786567Z","trade_id":658360317,"type":"match"}
{"maker_order_id":"623eac0b-cceb-4fe8-8937-47ae0de6574d","price":"2511.46","product_id":"ETH-USD","sequence":82492400963,"side":"sell","size":"0.00006144","taker_order_id":"348e1c0f-fe46-4b9a-a76b-79e642332af3","time":"2025-06-20T05:40:28.786567Z","trade_id":658360318,"type":"match"}
{"maker_order_id":"daac722b-6447-4302-8621-a838e3ebf5f8","price":"2511.5","product_id":"ETH-USD","sequence":82492400965,"side":"sell","size":"0.02685481","taker_order_id":"348e1c0f-fe46-4b9a-a76b-79e642332af3","time":"2025-06-20T05:40:28.786567Z","trade_id":658360319,"type":"match"}
{"maker_order_id":"2ac2b495-8ad8-45c7-b71e-65d50b755cfd","price":"2511.36","product_id":"ETH-USD","sequence":82492401567,"side":"sell","size":"0.01991062","taker_order_id":"19644196-eb2b-4b01-a538-0236daab5b64","time":"2025-06-20T05:40:32.763839Z","trade_id":658360320,"type":"match"}
{"maker_order_id":"e9724e1d-42e3-4420-9c78-9f73696f7d58","price":"2511.36","product_id":"ETH-USD","sequence":82492401569,"side":"sell","size":"0.00030588","taker_order_id":"19644196-eb2b-4b01-a538-0236daab5b64","time":"2025-06-20T05:40:32.763839Z","trade_id":658360321,"type":"match"}
{"maker_order_id":"1a149153-22bb-4489-9a08-9ac371ac674e","price":"2511.36","product_id":"ETH-USD","sequence":82492401571,"side":"sell","size":"0.00013171","taker_order_id":"19644196-eb2b-4b01-a538-0236daab5b64","time":"2025-06-20T05:40:32.763839Z","trade_id":658360322,"type":"match"}
{"maker_order_id":"40bfd42c-6b54-4af0-8b0e-102cd7744c6e","price":"2511.36","product_id":"ETH-USD","sequence":82492401573,"side":"sell","size":"0.00008816","taker_order_id":"19644196-eb2b-4b01-a538-0236daab5b64","time":"2025-06-20T05:40:32.763839Z","trade_id":658360323,"type":"match"}
{"maker_order_id":"c7a56aa4-e5f0-4d29-bdf7-6eb16312bb15","price":"2511.36","product_id":"ETH-USD","sequence":82492401575,"side":"sell","size":"0.00049496","taker_order_id":"19644196-eb2b-4b01-a538-0236daab5b64","time":"2025-06-20T05:40:32.763839Z","trade_id":658360324,"type":"match"}
{"maker_order_id":"daac722b-6447-4302-8621-a838e3ebf5f8","price":"2511.5","product_id":"ETH-USD","sequence":82492401577,"side":"sell","size":"0.02683031","taker_order_id":"19644196-eb2b-4b01-a538-0236daab5b64","time":"2025-06-20T05:40:32.763839Z","trade_id":658360325,"type":"match"}
{"maker_order_id":"f7e786f7-3da2-40b0-b9c1-b64974c4bd2f","price":"2511.36","product_id":"ETH-USD","sequence":82492402012,"side":"sell","size":"0.00078842","taker_order_id":"063cabf6-51e5-4dfc-bf26-4bfa3e44b6a4","time":"2025-06-20T05:40:33.801791Z","trade_id":658360326,"type":"match"}
{"maker_order_id":"f7e786f7-3da2-40b0-b9c1-b64974c4bd2f","price":"2511.36","product_id":"ETH-USD","sequence":82492402210,"side":"sell","size":"0.00985522","taker_order_id":"30cc3325-f9a5-4eb1-b1e7-8d93b2101dc7","time":"2025-06-20T05:40:35.196007Z","trade_id":658360327,"type":"match"}
{"maker_order_id":"f7e786f7-3da2-40b0-b9c1-b64974c4bd2f","price":"2511.36","product_id":"ETH-USD","sequence":82492402356,"side":"sell","size":"0.01034690","taker_order_id":"0600f852-4cbc-4d66-be75-c2db8999a339","time":"2025-06-20T05:40:36.485154Z","trade_id":658360328,"type":"match"}
{"maker_order_id":"8085f1c4-7808-44fb-9650-1cf167b73ae1","price":"2511.36","product_id":"ETH-USD","sequence":82492402358,"side":"sell","size":"0.0028145","taker_order_id":"0600f852-4cbc-4d66-be75-c2db8999a339","time":"2025-06-20T05:40:36.485154Z","trade_id":658360329,"type":"match"}
{"maker_order_id":"7d5fbe8f-7030-495c-ae42-e2d850fdd429","price":"2511.36","product_id":"ETH-USD","sequence":82492402360,"side":"sell","size":"0.00025507","taker_order_id":"0600f852-4cbc-4d66-be75-c2db8999a339","time":"2025-06-20T05:40:36.485154Z","trade_id":658360330,"type":"match"}
{"maker_order_id":"a6f4e0db-a2a8-4878-9300-fa6e88af2972","price":"2511.36","product_id":"ETH-USD","sequence":82492402362,"side":"sell","size":"0.00010983","taker_order_id":"0600f852-4cbc-4d66-be75-c2db8999a339","time":"2025-06-20T05:40:36.485154Z","trade_id":658360331,"type":"match"}
{"maker_order_id":"5aa52ba7-214a-4b22-87b6-6f83e4f7b71b","price":"2511.36","product_id":"ETH-USD","sequence":82492402364,"side":"sell","size":"0.00005589","taker_order_id":"0600f852-4cbc-4d66-be75-c2db8999a339","time":"2025-06-20T05:40:36.485154Z","trade_id":658360332,"type":"match"}
{"maker_order_id":"21a52aa9-ae4e-4c79-a031-e2c6ad01871c","price":"2511.36","product_id":"ETH-USD","sequence":82492402366,"side":"sell","size":"0.00027781","taker_order_id":"0600f852-4cbc-4d66-be75-c2db8999a339","time":"2025-06-20T05:40:36.485154Z","trade_id":658360333,"type":"match"}
{"maker_order_id":"21a52aa9-ae4e-4c79-a031-e2c6ad01871c","price":"2511.36","product_id":"ETH-USD","sequence":82492402576,"side":"sell","size":"0.00003222","taker_order_id":"e42d3abb-0bd0-444d-9a96-6229db447879","time":"2025-06-20T05:40:36.874165Z","trade_id":658360334,"type":"match"}
{"maker_order_id":"4e2b08f2-6846-4743-b4a4-ca1443a544fc","price":"2511.36","product_id":"ETH-USD","sequence":82492402578,"side":"sell","size":"0.00207046","taker_order_id":"e42d3abb-0bd0-444d-9a96-6229db447879","time":"2025-06-20T05:40:36.874165Z","trade_id":658360335,"type":"match"}
{"maker_order_id":"daac722b-6447-4302-8621-a838e3ebf5f8","price":"2511.5","product_id":"ETH-USD","sequence":82492402580,"side":"sell","size":"0.00519412","taker_order_id":"e42d3abb-0bd0-444d-9a96-6229db447879","time":"2025-06-20T05:40:36.874165Z","trade_id":658360336,"type":"match"}
{"maker_order_id":"1d200675-3689-4294-a71a-efc66a55e4f9","price":"2511.6","product_id":"ETH-USD","sequence":82492403448,"side":"sell","size":"0.00098548","taker_order_id":"c26b6430-9149-466e-837e-1439f319c2ee","time":"2025-06-20T05:40:39.694142Z","trade_id":658360337,"type":"match"}
{"maker_order_id":"1d200675-3689-4294-a71a-efc66a55e4f9","price":"2511.6","product_id":"ETH-USD","sequence":82492403458,"side":"sell","size":"0.00532576","taker_order_id":"e5b699f1-2224-4b66-95b8-73a59ecdff0f","time":"2025-06-20T05:40:39.832279Z","trade_id":658360338,"type":"match"}
{"maker_order_id":"22c8369f-674c-4ed1-9dfd-79af9ec9d2c0","price":"2511.48","product_id":"ETH-USD","sequence":82492403885,"side":"sell","size":"0.00355182","taker_order_id":"290acbaf-58fb-4391-becd-84b54438c373","time":"2025-06-20T05:40:42.668893Z","trade_id":658360339,"type":"match"}
{"maker_order_id":"22c8369f-674c-4ed1-9dfd-79af9ec9d2c0","price":"2511.48","product_id":"ETH-USD","sequence":82492403904,"side":"sell","size":"0.03399872","taker_order_id":"c2302a62-e696-4b5b-a6cb-d4ec2c7a403e","time":"2025-06-20T05:40:43.340077Z","trade_id":658360340,"type":"match"}
{"maker_order_id":"1d200675-3689-4294-a71a-efc66a55e4f9","price":"2511.6","product_id":"ETH-USD","sequence":82492403906,"side":"sell","size":"0.00354512","taker_order_id":"c2302a62-e696-4b5b-a6cb-d4ec2c7a403e","time":"2025-06-20T05:40:43.340077Z","trade_id":658360341,"type":"match"}
{"maker_order_id":"eae4c11a-bf1c-4efe-be3d-70591e483093","price":"2511.47","product_id":"ETH-USD","sequence":82492403980,"side":"buy","size":"0.001","taker_order_id":"3244e154-d414-4e1d-9842-33486d56ebfe","time":"2025-06-20T05:40:43.924177Z","trade_id":658360342,"type":"match"}
